2066 2904
456 158 665 193 Commune
690 158 803 192 unius
828 158 1008 203 Martyris
1033 163 1140 193 extra
1164 163 1314 201 tempus
1339 158 1536 192 Paschulc.

198 254 296 294 Ant.
325 253 376 292 In
397 250 597 293 universa
622 254 741 291 terra
767 249 908 300 gloria
928 254 972 292 et

147 308 314 350 honore
342 306 562 349 coronasti
591 319 700 348 eum.

198 363 249 415 V.
265 363 455 406 Posuisti
462 363 560 405 Dfie
575 375 707 416 super
722 367 853 416 caput
869 364 971 415 ejus.

147 424 197 477 Rt-
218 421 436 463 Coronam
455 419 510 462 de
530 419 678 472 lapide
696 419 904 472 pretioso.

201 482 329 521 Pater
355 481 514 519 noster.

197 536 441 578 Absolutio.
470 535 613 586 Ipsius
631 534 782 586 pietas.

197 590 247 641 V.
275 590 387 632 Jube
416 590 577 632 domne
603 589 875 631 benedicere.

198 649 359 691 Bened.
386 650 509 690 Deus
527 647 656 688 Pater
681 649 970 700 omnipotens.

146 715 299 756 Sermo
328 713 466 754 sancti
491 712 723 763 Augustini
750 712 970 765 Episcopi.

330 772 445 807 Serm.
469 771 522 805 44.
547 771 593 805 de
618 771 779 805 Sanctis.

443 822 594 863 Lectio
614 822 666 862 iv.

223 877 522 934 riumphalis
546 876 664 919 beati
688 877 892 929 Martyris
917 881 967 921 N.

152 940 189 989 3534
223 931 262 977 ξς
287 934 380 976 dies
412 933 543 975 hodie
571 933 699 975 nobis
723 934 969 976 anniversa-

155 988 211 1013 ἑή
220 986 261 1013 ‘43³
286 991 349 1032 ria
362 990 614 1032 celebritate
633 991 830 1032 recfirrit:
849 992 969 1043 cujus

145 1047 450 1099 glorificationi
477 1047 590 1089 sicut
615 1047 863 1098 congaudet
889 1047 968 1089 Ec-

146 1104 291 1155 clesia,
326 1104 389 1146 sic
408 1105 498 1156 ejus
519 1104 728 1157 proponit
746 1103 970 1157 sequenda

145 1161 338 1212 vestigia.
381 1161 426 1202 Si
454 1161 569 1202 enim
596 1161 901 1213 compatimur,
927 1165 970 1202 et

146 1217 582 1269 conglorificabimur.
608 1218 659 1258 In
674 1218 794 1269 cujus
808 1217 967 1269 glorio-

144 1286 194 1316 so
212 1276 353 1325 agone
373 1274 459 1316 duo
478 1273 607 1316 nobis
626 1276 850 1327 praecipue
869 1287 968 1315 con-

144 1330 378 1373 sideranda
402 1335 517 1372 sunt:
544 1331 745 1373 indurata
763 1331 969 1373 videlicet

142 1388 324 1429 tortoris
339 1387 517 1437 saevitia,
534 1392 577 1429 et
587 1387 794 1440 Martyris
809 1388 969 1429 invicta

144 1444 366 1497 patientia.
400 1444 577 1485 Saevitia
594 1444 787 1495 tortoris,
806 1449 854 1486 ut
874 1457 969 1486 eam

145 1500 425 1543 detestemur:
451 1501 663 1553 patientia
682 1501 898 1553 Martyris,
921 1506 970 1543 ut

145 1570 241 1599 eam
272 1558 501 1599 imitemur.
546 1557 665 1599 Audi
694 1557 970 1599 Psalmistam

144 1614 355 1656 adversus
397 1613 607 1655 malitiam
650 1614 968 1667 increpantem:

143 1670 247 1712 Noli
288 1670 484 1712 aemulari
521 1671 566 1711 in
610 1670 968 1722 malignantibus:

146 1728 351 1780 quoniam
393 1731 617 1779 tamquam
656 1727 822 1769 foenum
853 1728 968 1769 velo-

145 1784 253 1826 citer
289 1785 499 1825 arescent.
547 1783 676 1835 Quod
711 1789 860 1826 autem
895 1784 966 1826 ad-

144 1842 296 1882 versus
332 1840 620 1892 malignantes
652 1841 865 1894 patientia
898 1854 968 1883 ex-

143 1897 334 1940 hibenda
359 1898 430 1948 sit,
462 1897 564 1940 audi
582 1894 849 1951 ‘Apostolum
872 1911 965 1940 sua-

145 1953 334 1995 dentem:
351 1954 566 1996 Patientia
579 1954 706 1997 vobis
722 1955 969 1997 necessaria

146 2014 222 2059 est,
250 2014 298 2051 ut
318 2011 549 2063 reportetis
568 2011 894 2064 promissiones.

196 2067 245 2119 Rv.
275 2067 520 2109 Honestum
544 2067 648 2110 fecit
673 2067 796 2109 illum
819 2069 967 2110 Domi-

145 2136 237 2173 nus,
259 2127 303 2165 et
322 2123 560 2166 custodivit
580 2137 679 2166 eum
699 2124 752 2166 ab
772 2125 967 2176 inimicis,

147 2184 190 2221 et
217 2192 242 2221 a
267 2179 574 2221 seductoribus
599 2181 758 2222 tutavit
782 2181 918 2222 illum:
942 2185 965 2211 *

146 2236 202 2277 Et
230 2235 353 2278 dedit
384 2236 446 2276 illi
480 2236 723 2279 claritatem
751 2239 968 2280 aeternam.

144 2285 194 2338 V.
222 2292 548 2345 Descenditque
568 2306 667 2335 cum
690 2294 800 2336 illo‘
789 2309 833 2335 m
852 2295 967 2336 fove-

146 2362 230 2399 am,
267 2354 310 2391 et
336 2349 380 2390 in
407 2349 590 2392 vinculis
619 2363 708 2392 non
736 2351 969 2404 dereliquit

147 2414 256 2442 eum.
283 2402 350 2443 Et.

195 2456 354 2497 Bened
383 2458 585 2501 Christus
603 2461 841 2512 perpetuae.

449 2515 601 2557 Lectio
624 2530 658 2556 v.

220 2572 404 2612 oronata
421 2573 570 2624 itaque
590 2576 657 2613 est
674 2571 793 2613 beati
807 2571 967 2623 Marty-

236 2627 294 2668 ris
312 2628 537 2679 patientia:
560 2629 807 2680 mancipata
825 2633 892 2669 est
913 2641 967 2669 ae-

145 2683 280 2724 ternis
299 2684 563 2726 cruciatibus
581 2685 761 2726 tortoris
781 2685 966 2726 incorre-

1777 150 1849 195 [29]

1023 254 1094 291 cta
1106 249 1283 290 malitia.
1294 250 1394 291 Hoc
1407 250 1636 300 attendens
1650 250 1694 290 in
1709 251 1850 301 agone

1023 319 1102 347 suo
1124 306 1343 357 gloriosus
1369 306 1531 348 Christi
1557 306 1736 358 athleta,
1761 319 1849 348 non

1023 362 1247 405 exhorruit
1275 365 1506 405 carcerem.
1546 363 1619 405 Ad
1644 363 1848 405 imitatio-

1021 433 1122 461 nem
1151 419 1307 472 capitis
1341 420 1407 461 sui
1438 420 1644 462 toleravit
1675 420 1849 473 probra,

1023 477 1228 518 sustinuit
1246 476 1482 527 irrisiones,
1503 476 1675 528 flagella
1693 489 1781 518 non
1799 479 1849 518 ti-

1023 533 1147 575 muit:
1188 539 1232 576 et
1267 538 1376 586 quot
1409 538 1509 575 ante
1542 538 1731 575 mortem
1766 546 1848 586 pro

1023 590 1197 632 Christo
1231 590 1411 644 pertulit
1443 590 1674 643 supplicia,
1709 594 1777 632 tot
1811 590 1850 632 ei

1023 647 1078 688 de
1096 660 1143 689 se
1163 647 1325 689 obtulit
1343 647 1568 688 sacrificia.
1589 647 1719 698 Quod
1734 647 1849 689 enim

1021 704 1281 757 propinante
1300 704 1521 757 Apostolo
1541 703 1730 753 biberat,
1763 704 1850 745 alte

1026 761 1257 814 retinebat:
1277 761 1388 812 Quia
1402 773 1488 802 non
1503 765 1605 802 sunt
1620 760 1849 812 condignae

1022 818 1252 870 passiones
1271 817 1397 870 hujus
1422 818 1634 870 temporis
1659 817 1716 859 ad
1738 817 1849 859 futil-

1022 887 1115 915 ram
1142 875 1345 926 gloriam,
1383 887 1482 926 quae
1511 874 1776 916 revelabitur
1805 874 1849 915 in

1021 931 1160 972 nobis.
1191 932 1248 981 Et
1268 931 1371 983 quia
1389 934 1744 973 momentaneum
1763 931 1849 972 hoc

1023 992 1066 1029 et
1085 987 1182 1029 leve
1200 993 1365 1029 nostrae
1388 988 1697 1038 tribulationis,
1726 990 1849 1030 aeter-

1021 1057 1125 1085 num
1155 1045 1308 1096 gloriae
1348 1044 1523 1097 pondus
1560 1047 1769 1098 operatur
1805 1045 1849 1086 in

1022 1101 1157 1143 coelis.
1195 1102 1336 1153 Hujus
1364 1102 1670 1154 promissionis
1699 1104 1850 1143 amore

1021 1171 1047 1199 a
1081 1158 1268 1199 terrenis
1303 1160 1561 1211 suspensus,
1604 1163 1647 1200 et
1681 1172 1850 1211 praegu-

1022 1217 1138 1256 stata
1153 1217 1355 1268 supernae
1373 1215 1601 1257 suavitatis
1617 1215 1850 1257 dulcedine

1020 1271 1299 1313 ineffabiliter
1319 1271 1517 1322 affectus,
1553 1272 1729 1314 dicebat
1749 1285 1849 1313 cum

1021 1328 1267 1370 Psalmista:
1296 1328 1413 1379 Quid
1435 1329 1540 1370 mihi
1564 1333 1632 1370 est
1658 1329 1702 1369 in
1723 1329 1850 1378 coelo,

1023 1390 1067 1427 et
1095 1398 1120 1426 a
1147 1390 1191 1427 te
1220 1385 1327 1437 quid
1351 1385 1471 1427 volui
1499 1398 1631 1438 super
1659 1384 1848 1427 terram?

1021 1442 1194 1484 Defecit
1226 1455 1329 1484 caro
1367 1455 1465 1484 mea
1498 1447 1541 1484 et
1575 1455 1652 1484 cor
1684 1455 1849 1484 meum:

1020 1499 1141 1540 Deus
1158 1499 1303 1540 cordis
1318 1500 1415 1550 mei,
1437 1504 1480 1541 et
1495 1512 1599 1552 pars
1614 1512 1711 1541 mea
1726 1500 1848 1540 Deus

1020 1556 1064 1596 in
1083 1558 1306 1598 aeternum.

1074 1616 1123 1668 R.
1158 1612 1438 1654 Desiderium
1471 1612 1628 1654 animae
1657 1613 1748 1664 ejus
1776 1612 1849 1653 tri—

1021 1668 1156 1710 buisti
1188 1669 1227 1710 ei
1254 1670 1458 1721 Domine,
1482 1675 1504 1699 *
1538 1669 1595 1710 Et
1622 1668 1849 1710 voluntate

1020 1725 1238 1767 labiorum
1265 1727 1354 1778 ejus
1382 1739 1470 1768 non
1494 1725 1708 1767 fraudasti
1739 1738 1848 1767 eum.

1022 1780 1071 1832 V.
1090 1783 1308 1833 Quoniam
1326 1782 1582 1836 praevenisti
1597 1794 1696 1823 eum
1715 1782 1759 1823 in
1774 1782 1846 1824 be-

1019 1839 1344 1881 nedictionibus
1373 1838 1634 1881 dulcedinis:
1662 1840 1849 1891 posuisti

1019 1895 1064 1936 in
1092 1896 1236 1948 capite
1264 1897 1355 1948 ejus
1383 1898 1593 1938 coronam
1617 1895 1673 1937 de
1698 1895 1847 1948 lapide

1020 1953 1230 2004 pretioso.
1257 1954 1324 1995 Et.

1072 2006 1234 2047 Bened.
1263 2008 1414 2056 Ignem
1433 2005 1501 2047 sui
1519 2005 1692 2048 amoris.

1321 2065 1473 2106 Lectio
1495 2066 1546 2106 vi.

1022 2113 1455 2222 Contemplabatur
1483 2122 1598 2164 enim
1635 2126 1846 2174 quantum

1121 2178 1165 2219 in
1189 2181 1420 2229 aenigmate
1446 2179 1674 2220 infirmitas
1699 2178 1844 2219 huma-

1019 2247 1075 2275 na
1093 2235 1271 2276 oculum
1289 2236 1449 2278 mentis
1469 2236 1513 2276 in
1532 2235 1779 2277 aeternitate
1799 2235 1844 2276 fi-

1018 2304 1122 2341 gere
1146 2297 1306 2345 potest,
1338 2297 1500 2344 quanta
1528 2292 1614 2333 sint
1642 2293 1844 2344 supernae

1019 2347 1206 2390 civitatis
1221 2349 1395 2400 gaudia:
1416 2353 1459 2390 et
1475 2361 1526 2390 ea
1541 2350 1743 2390 enarrare
1757 2361 1845 2390 non

1019 2404 1258 2455 sufficiens,
1304 2404 1563 2447 admirando
1610 2405 1846 2447 clamabat:

1019 2461 1135 2511 Quid
1158 2462 1265 2503 mihi
1291 2466 1359 2503 est
1381 2461 1425 2502 in
1449 2459 1589 2503 coelo?
1627 2462 1761 2512 Quasi
1783 2462 1845 2504 di-

1018 2522 1152 2560 ceret:
1179 2518 1364 2560 Excedit
1382 2518 1498 2559 vires
1517 2530 1649 2569 meas,
1671 2519 1845 2561 excedit

1018 2573 1271 2616 facultatem
1290 2574 1553 2626 eloquentiae
1575 2588 1702 2625 meae,
1730 2580 1845 2617 tran-

1017 2630 1189 2673 scendit
1219 2631 1510 2683 capacitatem
1543 2631 1844 2684 intelligentiae

1017 2699 1127 2728 meae
1155 2687 1262 2729 illud
1290 2687 1445 2738 decus,
1479 2687 1551 2730 illa
1578 2688 1736 2739 gloria,
1769 2689 1843 2731 illa
