2028 2892
756 175 869 210 Feria
892 178 941 211 vi.
968 178 1007 212 in
1031 178 1256 214 Parasccve.

454 266 607 308 Lectio
627 269 679 308 vi.

233 320 475 360 xacuerunt
518 323 744 372 tamquam
788 321 980 372 gladium

245 373 413 424 linguas
445 387 557 415 suaS.
598 375 700 416 Non
733 375 879 419 dicant
909 379 980 419 Ju-

153 428 253 470 daei:
271 429 373 470 Non
394 429 634 471 occidimus
650 431 880 473 Christum.
907 434 980 475 Et-

152 484 267 526 enim
290 487 529 538 propterea
556 499 655 528 eum
682 486 897 530 dederunt
921 490 979 540 ju-

152 538 239 581 dici
262 540 422 590 Pilato,
453 546 501 583 ut
530 544 654 594 quasi
678 544 764 596 ipsi
788 557 814 585 a
837 550 980 586 morte

152 596 242 646 ejus
286 595 539 639 viderentur
583 599 808 641 immunes.
866 601 980 641 Nam

150 663 250 692 cum
273 651 457 694 dixisset
479 654 542 694 eis
559 654 741 696 Pilatus:
766 656 861 697 Vos
881 669 979 697 eum

150 706 352 749 occidite:
375 709 714 761 responderunt,
732 711 874 753 Nobis
891 725 979 753 non

149 762 252 804 licet
277 763 481 806 occidere
507 779 782 818 quemquam.
820 768 979 819 Iniqui-

149 820 287 860 tatem
311 820 515 861 facinoris
540 823 607 862 sui
629 823 673 862 in
699 823 886 874 judicem
904 823 979 864 ho-

149 874 310 916 minem
355 875 587 918 refundere
633 878 854 920 volebant:
901 879 979 920 sed

149 930 364 983 numquid
379 932 523 973 Deum
542 932 731 984 judicem
748 934 978 976 fallebant?

150 985 281 1036 Quod
295 986 399 1028 fecit
412 988 590 1038 Pilatus,
610 990 654 1030 in
674 1002 727 1031 eo
742 990 840 1042 ipso
858 991 978 1042 quod

148 1041 266 1091 fecit,
309 1042 580 1095 aliquantum
620 1046 844 1098 particeps
885 1046 978 1087 fuit:
1041 1060 1049 1086 ἢ

148 1096 229 1139 sed
246 1098 291 1139 in
307 1100 636 1151 comparatione
651 1101 826 1142 illorum
839 1102 977 1143 multo
1039 1135 1049 1155 Ἴ,
1071 1099 1142 1161 {gfff}

146 1154 243 1206 ipse
296 1154 581 1196 innocentior.
642 1157 806 1198 Institit
864 1159 979 1198 enim

149 1214 357 1261 quantum
374 1212 529 1263 potuit,
548 1216 597 1253 ut
615 1212 737 1253 illum
757 1226 811 1254 ex
827 1215 978 1254 eorum

146 1265 347 1307 manibus
371 1266 592 1309 liberaret:
616 1281 717 1309 nam
741 1271 979 1321 propterea

146 1321 415 1373 flagellatum
438 1322 649 1375 produxit
673 1323 730 1366 ad
754 1337 842 1366 eos.
876 1325 977 1366 Non

146 1377 454 1429 persequendo
471 1379 710 1421 Deminum
730 1380 977 1430 flagellavit,

146 1432 227 1474 sed
259 1435 412 1474 eerum
447 1434 584 1475 furori
618 1436 869 1477 satisfacere
902 1449 976 1478 vo-

146 1488 256 1530 lens:
278 1494 327 1530 ut
346 1489 417 1530 vel
436 1490 499 1531 sic
516 1491 601 1542 jam
619 1491 914 1542 mitescerent,
934 1498 977 1534 et

147 1543 397 1586 desinerent
415 1545 529 1587 velle
548 1547 764 1596 occidere,
785 1561 884 1589 cum
902 1549 975 1590 fla-

145 1600 353 1650 gellatum
384 1600 594 1644 viderent.
646 1603 771 1644 Fecit
803 1608 846 1645 et
879 1603 975 1645 hoc.

145 1657 207 1697 At
230 1656 307 1698 ubi
330 1660 739 1710 perseveraverunt,
765 1661 904 1701 nostis
928 1660 975 1701 il—

145 1712 236 1753 lum
248 1712 409 1755 lavisse
423 1727 590 1764 manus,
605 1720 649 1756 et
664 1714 837 1766 dixisse,
855 1715 975 1768 quod

144 1768 240 1821 ipse
258 1781 347 1810 non
365 1770 556 1819 fecisset,
579 1769 791 1812 mundum
810 1785 858 1813 se
878 1785 974 1813 esse

146 1836 172 1865 a
189 1830 332 1866 morte
350 1825 477 1866 illius.
505 1827 629 1868 Fecit
646 1832 804 1868 tamen.
831 1827 919 1869 Sed
938 1828 973 1868 si

145 1892 261 1930 reus,
290 1882 392 1933 quia
414 1882 518 1923 fecit
537 1882 608 1924 vel
631 1883 806 1924 invitus:
832 1883 895 1924 ffli
913 1884 973 1924 in-

143 1938 365 1986 nocentes,
381 1938 456 1990 qui
467 1940 715 1989 coegerunt,
730 1944 778 1980 ut
788 1938 972 1981 faceret?

144 1992 278 2034 Nullo
301 1992 447 2035 modo.
479 1993 567 2035 Sed
589 1994 662 2036 ille
682 1993 791 2036 dixit
809 1995 854 2035 in
875 2008 973 2036 eum

145 2049 423 2099 sententiam,
443 2054 486 2091 et
505 2050 630 2101 jussit
650 2063 749 2091 eum
768 2051 972 2100 crucifigi,

146 2108 190 2145 et
216 2105 342 2156 quasi
365 2105 462 2158 ipse
488 2105 662 2147 occidit:
690 2111 733 2147 et
752 2119 832 2147 vos
856 2118 882 2147 o
901 2106 972 2147 Ju-

145 2159 231 2202 dzei
267 2160 500 2202 occidistis.
558 2162 686 2203 Unde
727 2160 970 2203 occidistis?

146 2216 305 2258 Gladio
334 2216 506 2267 linguae:
538 2218 716 2259 acuistis
749 2218 863 2258 enim
894 2217 970 2257 lin-

143 2284 251 2322 guas
270 2277 450 2314 vestras.
483 2273 540 2314 Et
564 2273 739 2325 quando
759 2275 971 2325 percussi-

144 2327 240 2377 stis,
263 2328 347 2369 nisi
369 2329 544 2380 quando
565 2329 798 2370 clamastis:
828 2328 969 2369 Cruci-

144 2382 241 2433 fige‚
260 2383 488 2434 crucifige?

197 2445 247 2502 1³4.
272 2440 478 2481 Animam
501 2453 644 2482 meam
665 2439 868 2481 dilectam
887 2442 971 2480 tra-

146 2493 236 2536 did1
255 2495 298 2536 in
322 2509 476 2536 manus
500 2497 766 2548 iniquorum,
792 2501 835 2536 et
857 2495 972 2535 facta

145 2554 212 2590 est
237 2550 342 2591 mihi
367 2551 603 2593 haereditas
634 2564 732 2592 mea
760 2551 871 2591 sicut
900 2550 969 2591 leo

143 2604 187 2645 in
206 2606 328 2647 silva:
348 2606 470 2648 dedit
489 2612 641 2648 contra
659 2619 729 2648 me
748 2618 880 2647 voces
897 2605 967 2646 ad-

144 2662 379 2712 versariuS,
416 2662 581 2704 dicens:
619 2661 969 2713 Congregamini,

1789 181 1857 216 239

1033 272 1077 309 et
1090 271 1326 320 properate
1341 270 1398 311 ad
1412 270 1710 315 devorandum
1721 275 1856 316 illum:

1030 326 1275 375 posuerunt
1299 339 1370 367 me
1392 327 1435 367 in
1462 327 1635 370 deserto
1660 330 1855 373 solitudi-

1031 379 1110 427 nis,
1138 384 1181 420 et
1200 379 1309 422 luxit
1328 394 1459 433 super
1477 396 1547 424 me
1567 385 1706 426 omnis
1725 391 1855 428 terra:

1034 443 1057 467 *
1089 435 1202 484 Quia
1232 449 1319 477 non
1353 443 1418 479 est
1447 438 1648 480 inventus
1681 443 1754 493 qui
1785 456 1855 484 me

1033 493 1306 541 agneseeret,
1327 498 1370 533 et
1388 493 1550 535 faceret
1568 495 1689 537 bene.
1720 497 1769 547 V.
1787 499 1854 539 In-

1033 549 1314 589 surrexerunt
1338 549 1381 588 in
1404 562 1473 590 me
1492 550 1573 590 viri
1596 551 1760 604 absque
1779 554 1854 594 mi-

1032 603 1280 653 sericordia,
1301 609 1344 645 et
1363 617 1450 645 non
1465 609 1754 657 pepercerunt
1769 610 1854 649 ani-

1031 671 1116 698 mae
1135 671 1256 700 meae.
1290 660 1401 709 Quia
1425 673 1512 701 non
1533 666 1608 702 est.
1644 664 1854 706 Animam.

1247 744 1295 782 In
1322 744 1392 782 III.
1420 744 1641 784 Noctumo.

1084 808 1182 848 Ant.
1211 800 1281 846 Ab
1306 802 1629 853 insurgentibus
1652 806 1694 845 in
1718 819 1786 847 me
1809 807 1854 847 li-

1030 856 1138 897 bera
1162 870 1231 898 me
1256 858 1459 909 Domine,
1491 860 1591 911 quia
1616 865 1854 914 occupave—

1030 918 1131 954 runt
1149 913 1336 954 animam
1355 927 1506 955 meam.

1302 988 1499 1028 Psalmus
1518 989 1582 1028 58.

1075 1046 1240 1111 ,N
1256 1059 1326 1087 me
1342 1046 1396 1088 de
1411 1048 1595 1088 inimicis
1610 1049 1718 1090 meis
1732 1049 1853 1091 Deus

1107 1104 1138 1150 j*
1294 1118 1301 1141 :
1327 1103 1350 1128 *
1377 1108 1421 1144 et
1447 1103 1502 1144 ab
1531 1105 1853 1156 insurgentibus

1038 1155 1142 1182 '4²³³
1163 1157 1207 1197 in
1226 1171 1295 1199 me
1315 1158 1452 1200 libera
1469 1172 1549 1200 me.

1082 1213 1215 1265 Eripe
1234 1226 1304 1254 me
1325 1214 1379 1255 de
1400 1215 1682 1267 operantibus
1702 1216 1853 1268 iniqui-

1030 1271 1181 1310 tatem:
1218 1269 1240 1294 *
1278 1274 1321 1310 et
1363 1269 1418 1311 de
1454 1271 1558 1311 viris
1596 1272 1853 1322 sanguinum

1030 1324 1151 1365 salva
1169 1337 1249 1366 me.

1082 1381 1192 1430 Quia
1211 1393 1313 1422 ecce
1334 1383 1545 1433 ceperunt
1563 1382 1750 1423 animam
1767 1396 1851 1425 me-

1029 1449 1114 1476 am:
1134 1437 1157 1461 *
1176 1436 1395 1477 irruerunt
1414 1437 1458 1477 in
1475 1450 1545 1478 me
1564 1437 1710 1478 fortes.

1079 1492 1235 1544 Neque
1250 1492 1455 1544 iniquitas
1470 1505 1577 1542 mea,
1596 1506 1737 1545 neque
1753 1507 1850 1546 pec—

1028 1551 1174 1589 catum
1200 1560 1345 1589 meum
1373 1548 1577 1589 Domine:
1604 1549 1628 1574 *
1656 1549 1747 1591 sine
1774 1550 1850 1590 ini-

1029 1604 1195 1655 quitate
1215 1605 1395 1653 cucurri,
1415 1609 1457 1645 et
1477 1604 1624 1645 direxi.

1079 1661 1279 1710 Exsurge
1303 1660 1347 1700 in
1371 1663 1601 1701 occursum
1620 1673 1782 1710 meum,
1808 1666 1851 1702 et

1026 1715 1141 1757 vide:
1164 1716 1187 1741 *
1212 1720 1255 1757 et
1282 1721 1330 1757 tu
1356 1716 1545 1757 Domine
1572 1716 1693 1758 Deus
1720 1717 1849 1758 virtu-

1026 1777 1130 1821 tum,
1148 1772 1269 1813 Deus
1288 1771 1436 1821 Israel,

1078 1827 1263 1869 Intende
1314 1827 1370 1869 ad
1414 1827 1654 1869 visitandas
1699 1841 1849 1869 omnes

1026 1884 1205 1925 Gentes:
1223 1884 1247 1910 *
1267 1896 1354 1925 non
1371 1884 1617 1926 miserearis
1638 1884 1849 1934 Omnibus,

1026 1940 1100 1991 qui
1120 1942 1357 1991 operantur
1374 1940 1656 1991 iniquitatem.

1079 1995 1399 2036 Convertentur
1431 1995 1487 2036 ad
1519 1997 1761 2047 vesperam:
1805 1999 1848 2035 et

1023 2051 1183 2092 famem
1218 2051 1439 2102 patientur
1474 2055 1523 2092 ut
1562 2063 1709 2099 canes,
1745 2050 1767 2075 *
1804 2054 1847 2090 et

1025 2105 1268 2147 circuibunt
1288 2106 1518 2147 civitatem.

1076 2162 1192 2202 Ecce
1225 2161 1458 2212 loquentur
1491 2163 1533 2202 in
1562 2174 1638 2202 ore
1668 2173 1766 2210 su0,
1803 2165 1847 2202 et

1023 2217 1196 2267 gladius
1214 2217 1258 2257 in
1278 2217 1406 2258 labiis
1426 2219 1586 2265 eorum,
1600 2218 1623 2242 *
1641 2216 1845 2268 quoniam

1025 2273 1122 2324 quis
1142 2271 1328 2314 audivit?

1073 2328 1131 2369 Et
1163 2333 1210 2369 tu
1236 2328 1423 2368 Domine
1455 2325 1674 2368 deridebis
1702 2339 1794 2368 eos:
1821 2328 1844 2353 *

1023 2383 1080 2424 ad
1097 2383 1278 2424 nihilum
1298 2382 1488 2424 deduces
1504 2394 1655 2423 omnes
1669 2382 1845 2424 Gentes.

1074 2438 1393 2481 Fortitudinem
1411 2451 1551 2479 meam
1569 2437 1626 2479 ad
1642 2443 1686 2479 te
1701 2441 1844 2479 custo-

1024 2493 1160 2544 diam,
1188 2495 1289 2546 quia
1316 2494 1436 2534 Deus
1465 2494 1696 2545 susceptor
1721 2507 1844 2535 meus

1022 2563 1085 2591 es:
1103 2551 1127 2576 *
1145 2551 1265 2591 Deus
1284 2561 1416 2597 meus,
1436 2548 1735 2590 misericordia
1754 2550 1844 2601 ejus

1021 2605 1261 2657 praeveniet
1279 2617 1359 2645 me.

1073 2661 1194 2702 Deus
1214 2659 1416 2701 ostendet
1434 2659 1540 2700 mihi
1558 2673 1690 2713 super
1708 2660 1843 2701 inimi-
