2028 2892
738 168 845 201 Furia
872 180 904 202 x'.
933 171 968 202 in
995 171 1114 204 Coena
1143 172 1304 206 Domini.

159 258 314 298 tatem:
345 257 369 283 *
403 261 448 298 et
477 256 643 299 dixisti:
675 258 990 301 Convertimini

159 311 238 353 filii
255 311 490 354 hominum.

213 369 430 419 Quoniam
453 369 571 410 mille
593 370 694 410 anni
717 375 816 412 ante
836 371 989 413 oculos

160 428 278 474 tuos,
315 424 339 450 *
376 429 603 476 tamquam
641 425 735 468 dies
776 426 989 478 hesterna,

162 492 261 532 quae
279 481 503 532 praeteriit,

212 535 270 578 Et
290 536 492 578 custodia
510 537 555 577 in
573 542 718 587 nocte,
737 538 761 563 *
783 551 881 589 quae
906 551 988 590 pro

159 591 294 633 nihilo
313 591 540 642 habentur,
561 595 713 635 eorum
732 594 833 635 anni
853 599 989 635 erunt.

211 647 341 689 Mane
366 648 479 690 sicut
501 648 640 690 herba
663 651 874 699 transeat,
902 663 989 691 ma-

159 716 215 745 ne
242 703 416 753 floreat,
445 708 490 746 et
515 707 726 746 transeat:
753 706 777 731 *
805 707 989 758 vespere

159 758 345 809 decidat,
363 758 540 801 indoret
559 765 603 802 et
622 763 802 802 arescat.

212 815 323 866 Quia
343 815 581 858 defecimus
599 817 644 857 in
661 817 726 858 ira
744 822 830 867 tua,
844 818 868 843 *
884 822 927 859 et
942 818 987 859 in

158 870 308 912 furore
327 876 405 913 tuo
425 872 590 913 turbati
609 886 770 914 sumus.

210 927 405 968 Posuisti
442 928 697 979 iniquitates
735 934 909 971 nostras
945 929 988 969 in

158 985 400 1035 conspectu
418 987 512 1024 tuo:
526 984 550 1009 *
565 984 775 1025 saeculum
789 989 989 1025 nostrum

158 1038 203 1079 in
221 1038 540 1081 illuminatione
559 1040 705 1081 vultus
724 1041 799 1081 tui.

210 1095 430 1145 Quoniam
456 1108 609 1137 01111168
634 1095 728 1138 dies
753 1097 891 1138 nostri
917 1097 987 1138 de-

156 1150 368 1193 fecerunt:
387 1151 411 1177 *
431 1156 476 1193 et
494 1151 538 1192 in
561 1152 625 1192 ira
643 1157 719 1194 tua
738 1151 987 1194 defecimus.

207 1207 325 1248 Anni
343 1207 483 1249 nostri
502 1208 615 1249 sicut
633 1210 794 1249 aranea
807 1208 987 1250 medita-

155 1262 333 1304 buntur:
350 1263 375 1289 *
390 1262 485 1304 dies
504 1265 719 1305 annorum
735 1267 987 1305 nostrorum

154 1319 199 1360 in
217 1319 336 1372 ipsis,
355 1322 636 1371 septuaginta
654 1320 765 1361 anni.

207 1375 253 1416 Si
277 1380 425 1417 autem
446 1375 492 1416 in
516 1376 833 1428 potentatibus,
866 1381 985 1417 0610-

155 1433 276 1482 ginta
295 1431 410 1471 anni:
429 1431 453 1457 *
473 1435 517 1472 61
536 1431 725 1483 amplius
745 1433 907 1481 eorum,
926 1432 985 1472 la-

156 1485 239 1528 bor
257 1491 302 1528 et
320 1486 459 1528 dolor.

207 1543 424 1593 Quoniam
456 1542 710 1594 supervenit
737 1546 985 1585 mansuetu-

156 1597 230 1640 do:
249 1599 273 1625 *
293 1603 338 1640 61
356 1598 655 1651 corripiemur.

206 1654 314 1704 Quis
341 1655 464 1696 novit
487 1656 757 1706 potestatem
781 1654 858 1695 irae
882 1659 985 1696 tuae:

153 1710 177 1736 *
197 1714 241 1751 et
265 1723 358 1762 prae
382 1710 543 1751 timore
559 1714 638 1751 tuo
657 1710 766 1750 iram
785 1714 906 1751 tuam
925 1710 984 1752 di-

153 1765 405 1807 numerare?

205 1822 446 1864 Dexteram
463 1826 585 1863 tuam
605 1821 669 1863 sic
687 1826 836 1863 notam
859 1822 942 1864 fac:
961 1824 985 1851 *

154 1882 198 1920 et
216 1877 414 1920 eruditos
434 1877 569 1919 corde
588 1877 632 1918 in
651 1877 876 1929 sapientia.

206 1938 475 1980 Convertere
502 1938 693 1979 Domine
729 1939 983 1990 usquequo?

152 1994 176 2020 *
205 1998 250 2036 et
281 1993 575 2046 deprecabilis
609 1998 705 2035 esto
735 2006 867 2045 super
896 2006 982 2036 ser-

152 2062 233 2091 vos
250 2054 362 2091 tuos.

205 2105 383 2158 Repleti
412 2118 563 2147 sumus
589 2117 717 2146 mane
741 2104 983 2146 misericor-

153 2161 226 2203 dia
243 2166 333 2203 tua:
351 2161 375 2186 *
396 2166 440 2203 61
459 2160 784 2209 exsultavimus,
804 2165 848 2201 et
869 2159 982 2201 dele-

154 2217 261 2259 ctati
298 2230 446 2258 sumus
484 2216 688 2259 omnibus
723 2215 877 2257 diebus
908 2228 982 2257 no-

153 2273 265 2315 stris.

203 2329 365 2370 Laetati
393 2340 544 2369 sumus
571 2340 655 2379 pro
684 2327 855 2376 diebus,
892 2326 982 2378 qui-

151 2383 234 2426 bus
256 2397 338 2426 nos
353 2383 605 2426 humiliasti:
624 2383 648 2409 *
667 2383 802 2432 annis,
823 2381 980 2434 quibus

152 2439 340 2481 vidimus
358 2440 483 2481 mala.

204 2496 395 2548 Respice
430 2496 474 2536 in
511 2507 662 2537 servos
699 2499 818 2543 tuos,
859 2497 902 2534 et
936 2493 981 2532 in

153 2552 289 2603 opera
307 2556 399 2593 tua:
419 2551 443 2578 *
463 2555 507 2592 et
526 2551 665 2601 dirige
684 2550 798 2591 filios
819 2550 980 2590 eorum.

205 2606 262 2648 Et
287 2607 343 2649 sit
368 2606 579 2659 splendor
602 2605 780 2647 Domini
798 2603 882 2644 Dei
905 2615 993 2643 no-·

153 2662 232 2702 stri
259 2675 392 2714 super
416 2675 514 2712 nos,
542 2666 586 2703 et
614 2663 750 2713 opera
774 2661 981 2700 manuum

1802 169 1870 205 225

1041 266 1293 305 nostrarum
1321 265 1458 315 dirige
1489 278 1621 317 super
1647 277 1745 306 nos:
1772 266 1795 291 *
1824 270 1867 307 et

1042 330 1154 369 opus
1172 322 1378 362 manuum
1396 324 1645 362 nostrarum
1666 320 1815 372 dirige.

1106 385 1205 424 Ant.
1226 385 1436 426 Dominus
1454 389 1676 436 tamquam
1696 385 1791 426 ovis
1810 386 1866 427 ad

1043 438 1263 503 victimam
1289 440 1445 482 ductus
1470 445 1552 490 est,
1589 445 1632 481 et
1655 453 1743 481 non
1767 443 1866 494 ape-

1042 499 1130 536 ruit
1148 507 1199 536 os
1218 508 1353 537 suum.

1101 561 1200 600 Ant.
1218 561 1464 601 Contritum
1483 564 1550 601 est
1569 572 1643 601 cor
1660 573 1805 601 meum
1823 561 1866 602 in

1040 613 1188 655 medio
1212 616 1315 665 mei,
1343 617 1699 658 contremuerunt
1723 617 1866 657 omnia

1041 682 1142 710 ossa
1160 683 1269 712 mea.

1320 738 1516 777 Psalmus
1537 739 1599 776 (52.

1046 797 1211 901 Deus
1230 800 1353 842 Deus
1372 813 1496 842 meus
1515 801 1539 827 *
1557 800 1614 841 ad
1635 805 1679 842 te
1699 800 1754 842 de
1771 802 1866 844 luce

1134 856 1279 906 vigilo.

1092 911 1236 953 Sitivit
1259 912 1302 952 in
1326 917 1369 953 te
1394 912 1537 952 anima
1555 924 1671 962 mea,
1690 914 1715 938 *
1735 926 1864 965 quam

1040 967 1336 1020 multipliciter
1355 967 1435 1008 tibi
1456 980 1558 1008 caro
1577 980 1685 1009 mea.

1092 1024 1143 1064 In
1161 1028 1280 1064 terra
1299 1023 1489 1073 deserta,
1516 1028 1559 1064 et
1581 1024 1712 1073 invia,
1737 1030 1781 1066 et
1804 1026 1864 1066 in-

1041 1081 1222 1131 aquosa:
1241 1079 1265 1105 *
1285 1079 1347 1120 sic
1370 1080 1414 1119 in
1437 1084 1590 1121 sancto
1614 1081 1798 1132 apparui
1817 1082 1865 1122 ti-

1039 1135 1099 1184 bi,
1127 1140 1176 1176 ut
1203 1134 1398 1176 viderem
1425 1135 1632 1176 virtutem
1658 1140 1793 1186 tuam,
1822 1142 1865 1178 et

1039 1191 1225 1242 gloriam
1242 1195 1374 1232 tuam.

1092 1247 1307 1296 Quoniam
1339 1246 1493 1288 melior
1525 1251 1592 1287 est
1623 1246 1865 1287 misericor-

1040 1302 1112 1343 dia
1142 1307 1217 1343 tua
1251 1314 1383 1354 super
1414 1302 1543 1343 vitas:
1570 1302 1593 1327 *
1621 1301 1737 1343 labia
1768 1315 1865 1343 mea

1038 1357 1280 1398 laudabunt
1299 1362 1354 1398 te.

1089 1414 1160 1454 Sic
1182 1412 1439 1454 benedicam
1463 1417 1506 1454 te
1532 1413 1576 1453 in
1599 1412 1688 1454 vita
1710 1425 1822 1454 mea:
1841 1415 1864 1440 *

1038 1474 1082 1510 et
1118 1469 1162 1509 in
1198 1469 1373 1510 nomine
1410 1473 1486 1509 tuo
1520 1467 1678 1510 levabo
1709 1481 1864 1509 manus

1037 1537 1168 1566 meas.

1088 1580 1209 1622 Sicut
1228 1579 1358 1631 adipe
1378 1583 1422 1621 61
1441 1578 1705 1631 pinguedine
1724 1578 1862 1631 reple-

1038 1639 1135 1678 atur
1160 1636 1303 1676 anima
1326 1647 1439 1676 mea:
1457 1635 1481 1661 *
1502 1639 1545 1676 et
1569 1634 1695 1675 labiis
1721 1634 1860 1675 exsul-

1035 1692 1214 1734 tationis
1232 1690 1430 1732 laudabit
1448 1703 1498 1732 os
1518 1703 1673 1732 meum.

1088 1748 1133 1789 Si
1156 1759 1326 1789 memor
1350 1746 1412 1788 fui
1437 1747 1501 1788 tui
1524 1759 1655 1798 super
1679 1750 1862 1787 stratum

1036 1817 1197 1854 meum,
1224 1803 1269 1844 in
1298 1803 1521 1844 matutinis
1549 1801 1795 1843 meditabor
1818 1802 1862 1843 in

1035 1865 1094 1901 te:
1113 1860 1137 1885 *
1157 1859 1259 1911 quia
1277 1858 1395 1899 fuisti
1416 1858 1589 1909 adjotor
1606 1869 1740 1898 meus.

1087 1916 1144 1957 Et
1166 1915 1210 1956 in
1230 1914 1478 1956 velamento
1499 1914 1666 1954 alarum
1687 1914 1859 1953 tuarum

1036 1970 1276 2020 exsultabo,
1291 1969 1476 2011 adhaesit
1491 1969 1633 2010 anima
1646 1980 1743 2009 mea
1757 1973 1860 2020 post

1035 2031 1093 2068 te:
1112 2027 1136 2053 *
1155 2039 1225 2067 me
1245 2025 1440 2077 suscepit
1459 2025 1639 2066 dextera
1658 2028 1742 2064 tua.

1085 2083 1177 2135 Ipsi
1202 2094 1307 2123 vero
1334 2081 1378 2122 in
1405 2093 1564 2122 vanum
1594 2078 1858 2130 quaesierunt

1034 2138 1222 2179 animam
1240 2149 1399 2186 meam,
1426 2134 1666 2176 introibunt
1687 2133 1730 2173 in
1754 2133 1856 2174 infe-

1034 2194 1151 2234 riora
1175 2198 1319 2234 terrae:
1342 2192 1366 2218 *
1386 2190 1612 2232 tradentur
1634 2189 1679 2228 in
1702 2200 1856 2228 manus

1033 2248 1178 2299 gladii,
1195 2252 1345 2300 partes
1363 2246 1559 2298 volpium
1578 2248 1714 2284 erunt.

1085 2305 1183 2345 Rex
1201 2315 1307 2344 vero
1326 2301 1546 2342 laetabitur
1564 2299 1609 2339 in
1627 2298 1741 2348 Deo,
1768 2297 1855 2339 lau-

1034 2359 1254 2400 dabuntur
1280 2369 1431 2399 omnes
1457 2355 1530 2407 qui
1554 2354 1694 2404 jurant
1718 2353 1763 2393 in
1788 2366 1856 2395 eo:

1033 2415 1057 2440 *
1083 2415 1186 2466 quia
1212 2413 1484 2455 obstructum
1512 2414 1579 2451 est
1603 2421 1654 2450 os
1678 2409 1856 2461 loquen-

1033 2470 1142 2511 tium
1160 2470 1318 2520 iniqua.

1307 2536 1504 2577 Psalmus
1525 2538 1590 2576 66.

1124 2613 1201 2643 eus
1218 2600 1474 2641 misereatur
1492 2597 1647 2646 nostri,
1667 2602 1710 2638 et
1728 2597 1855 2639 bene-

1127 2656 1244 2698 dicat
1260 2654 1400 2696 nobis:
1419 2654 1442 2681 *
1460 2652 1673 2694 illominet
1688 2652 1854 2693 vultum
