2060 2886
240 156 262 189 2
815 147 1008 181 Dominica
1035 143 1080 176 ad
1109 139 1340 174 Matutinum.

242 186 1927 222 s

295 249 446 291 Gloria
464 245 592 294 Patri,
612 248 655 285 et
672 241 793 289 Filio,
813 244 855 281 et
875 235 1053 290 Spiritui

242 310 405 347 sancto.
436 303 557 344 sicut
581 303 674 342 erat
698 298 741 339 in
763 293 988 349 principio,
1011 295 1054 332 et

244 375 367 411 nunc,
389 364 432 402 et
455 369 641 410 semper:
666 359 708 396 et
728 354 771 394 in
797 349 956 393 sa'zcula
978 360 1054 388 sae-

245 418 449 460 culorum.
499 414 649 455 Amen.
700 412 811 451 Laus
843 406 920 448 tibi
951 405 1056 452 Bne,

246 475 339 516 Rex
366 473 538 514 aeternae
565 468 725 519 gloriae.

297 550 357 583 sic
389 549 525 582 dicitur
553 548 653 581 Laus
685 543 756 580 tibi
778 540 949 582 Domine,
978 541 1057 578 etc„

249 599 293 631 :ud
321 608 450 630 omncs
480 597 600 629 {lorus-
627 603 691 636 ρει·
715 596 830 625 totum
857 587 1055 627 Ouudrag..

249 658 364 688 nsque
391 646 436 678 ad
463 644 604 677 Furiam
628 642 665 674 Υ.
695 641 727 673 in
753 641 867 671 (Immo
890 634 1055 669 Domini:

247 702 277 726 tt
307 706 323 725 a·
352 694 519 725 Sabbata»
546 696 675 722 sunt-to
702 688 838 720 dicitur
861 681 1036 723 Allellija.

300 749 556 782 [imitatorium
595 756 696 787 sequ.
735 744 804 776 dic.
840 742 873 774 in
911 739 1056 772 bomin.

248 805 404 830 tamum.
436 808 453 828 ιι
487 795 632 828 homin.
660 793 681 825 l.
709 790 906 830 Quadrauz..
939 798 1056 829 usquc

249 845 293 877 nd
325 844 556 877 lhnniniczim
587 840 780 874 Passioni>-
810 836 1013 871 exclusive.

304 901 603 939 invitatorium.
647 898 742 938 Non
771 896 825 937 sit
846 893 971 935 vobis
994 904 1061 932 va-

251 973 349 1002 num
378 970 501 999 mane
530 959 705 1004 surgere
733 956 831 993 ante
856 950 1012 991 lucem:
1039 950 1058 972 *

251 1016 359 1066 Quia
387 1012 583 1067 promisit
615 1009 825 1051 Dominus
857 1007 1061 1048 coronam

252 1070 535 1122 vigilantibus.

306 1140 537 1190 Repe-titur.
575 1138 668 1176 Non
696 1134 750 1175 sit
768 1132 891 1174 vobis
908 1142 1064 1171 vanum

254 1208 377 1237 mane
415 1197 589 1242 surgere
629 1195 726 1231 ante
767 1189 925 1230 lucem:
967 1186 1065 1238 quia

255 1251 450 1305 promisit
483 1248 692 1290 Dominus
727 1247 932 1287 coronam
964 1242 1065 1291 vigi-

255 1307 451 1349 lantibus.

519 1378 709 1417 psalmus
738 1378 801 1415 94.

300 1474 355 1515 3⁶4
406 1455 535 1502 enite,
571 1450 834 1493 exsultemus
867 1447 1066 1497 Domino,

271 1538 281 1545 >
310 1515 319 1563 ζ
353 1517 393 1566 2²³
423 1509 650 1561 jubilemus
672 1507 768 1547 Deo
795 1504 973 1546 salutari
995 1515 1067 1544 no-

358 1570 374 1593 '2
426 1563 900 1616 str02praeoceupemus
915 1560 1069 1601 faciem

259 1623 349 1673 ejus
376 1622 419 1662 in
447 1619 728 1667 confessione,
756 1623 799 1659 et
826 1618 869 1658 in
892 1616 1069 1669 psalmis

260 1677 486 1730 jubilomus
514 1676 563 1718 ei.

313 1739 407 1778 Non
431 1737 485 1778 sit
507 1736 631 1778 vobis
654 1747 811 1776 vanum
833 1746 958 1774 mane
982 1735 1071 1773 sur-

260 1807 361 1843 gere
401 1798 499 1835 ante
537 1792 696 1833 lucem:
737 1791 835 1843 quia
875 1789 1072 1842 promisit

261 1849 472 1890 Dominus
494 1850 698 1890 eoronam
724 1845 1009 1896 vigilantibus.

313 1918 529 1967 Quoniam
561 1917 681 1958 Deus
714 1927 895 1965 magnus
927 1914 1073 1955 Domi-

264 1987 355 2024 nus,
380 1979 424 2015 et
447 1974 543 2015 Rex
567 1984 748 2023 magnus
772 1983 901 2023 super
923 1983 1074 2011 omnes

265 2030 387 2072 deos:
405 2029 610 2081 quoniam
628 2040 715 2069 non
732 2026 914 2079 repellet
928 2027 1074 2067 Domi-

265 2099 344 2127 nus
372 2084 546 2138 plebem
573 2097 714 2133 suam,
747 2083 848 2135 quia
875 2083 918 2123 in
946 2096 1075 2124 manu

266 2143 355 2194 ejus
374 2147 475 2183 sunt
493 2153 643 2182 omnes
662 2140 770 2181 fines
791 2145 931 2188 terrae,
958 2144 1001 2180 et
1020 2139 1076 2179 al-

266 2197 473 2239 titudines
495 2197 708 2238 montium
732 2196 825 2248 ipse
852 2195 1076 2247 conspicit.

318 2258 427 2308 Quia
470 2257 667 2310 promisit
708 2256 918 2297 Dominus
957 2258 1077 2297 coro·

268 2327 365 2355 nam
392 2313 675 2364 vigilantibus.

320 2378 534 2429 Quoniam
548 2378 683 2430 ipsius
701 2382 766 2418 est
782 2389 912 2424 mare,
927 2381 970 2417 et
986 2376 1078 2428 ipse

270 2435 370 2476 fecit
395 2434 511 2482 illud,
535 2439 578 2475 et
605 2433 769 2475 aridam
791 2432 1079 2473 fundaverunt

270 2503 420 2531 manus
449 2491 552 2541 ejus:
586 2492 728 2530 venite
756 2488 1004 2536 adoremus,
1037 2493 1079 2529 et

271 2545 547 2598 procidamus
566 2551 665 2587 ante
684 2546 841 2586 Deum:
860 2544 1079 2598 ploremus

272 2614 416 2643 coram
438 2601 636 2650 Domino,
656 2602 726 2652 qui
751 2601 853 2642 fecit
871 2613 960 2649 nos,
981 2600 1080 2651 quia

272 2658 366 2710 ipse
381 2663 445 2698 est
463 2657 672 2698 Dominus
689 2658 806 2698 Deus
824 2662 987 2698 noster:
1001 2669 1080 2697 nos

1106 237 1251 274 autem
1260 227 1451 283 populus
1462 227 1563 278 ejus,
1575 228 1619 266 et
1629 235 1736 264 oves
1749 223 1928 274 pascuae

1108 290 1207 341 ejus.

1163 349 1256 390 Non
1282 347 1338 388 sit
1358 345 1483 387 vobis
1508 355 1667 385 vanum
1688 352 1816 382 mane
1840 341 1931 380 sur-

1108 418 1209 457 gere
1246 408 1345 445 ante
1384 402 1544 443 lucem:
1587 399 1688 451 quia
1726 394 1931 450 promisit

1109 461 1322 503 Dominus
1350 461 1557 501 coronam
1585 452 1876 506 vigilantibus.

1167 521 1308 564 Hodie
1334 521 1371 562 si
1396 531 1551 561 vocem
1577 517 1668 569 ejus
1693 512 1933 562 audieritis,

1110 579 1244 620 nolite
1258 577 1478 620 obdurare
1492 573 1628 616 corda
1643 575 1801 621 vestra,
1816 569 1931 612 sicut

1111 636 1154 677 in
1181 633 1517 677 exacerbatione
1544 627 1787 672 secundum
1814 625 1932 669 diem

1111 691 1364 734 tentationis
1380 690 1423 730 in
1438 688 1629 731 deserto:
1648 684 1725 727 ubi
1738 683 1932 726 tentave-

1114 754 1214 790 runt
1228 760 1298 789 me
1314 751 1462 800 patres
1480 743 1626 793 vestri,
1635 741 1936 795 probavorunt

1114 810 1158 847 et
1184 804 1387 846 viderunt
1415 804 1550 855 opera
1577 812 1686 841 mea.

1166 865 1276 915 Quia
1316 863 1516 917 promisit
1554 860 1769 902 Dominus
1813 858 1936 899 coro-

1115 935 1214 963 nam
1242 920 1527 973 vigilantibus.

1166 982 1465 1034 Quadraginta
1484 979 1608 1022 annis
1627 977 1856 1032 proximus
1875 974 1937 1016 fui

1115 1039 1383 1092 generationi
1406 1037 1524 1086 huie,
1549 1041 1593 1078 et
1617 1034 1726 1084 dixi,
1753 1033 1937 1086 Semper

1116 1097 1161 1137 hi
1181 1100 1326 1138 errant
1346 1094 1494 1136 eorde:
1512 1093 1597 1146 ipsi
1614 1103 1719 1133 vero
1735 1102 1823 1131 non
1841 1101 1938 1140 cog-

1118 1154 1333 1194 noverunt
1352 1152 1444 1192 vias
1467 1163 1598 1200 meas,
1621 1146 1781 1201 quibus
1800 1144 1940 1199 juravi

1118 1210 1161 1250 in
1175 1210 1240 1250 ira
1253 1221 1360 1258 mea,
1375 1208 1411 1249 si
1426 1206 1670 1248 introibunt
1684 1204 1729 1245 in
1743 1202 1942 1255 requiem

1118 1279 1269 1307 meam.

1174 1327 1269 1368 Non
1294 1326 1349 1368 sit
1372 1325 1499 1367 vobis
1516 1336 1677 1365 vanum
1699 1332 1827 1362 mane
1850 1321 1941 1361 sur-

1119 1396 1221 1434 gere
1258 1388 1357 1424 ante
1398 1382 1559 1423 lucem:
1601 1380 1703 1433 quia
1740 1375 1944 1431 promisit

1119 1440 1332 1481 Dominus
1359 1441 1567 1481 coronam
1593 1433 1886 1487 vigilantibus,

1171 1500 1324 1541 Gloria
1342 1500 1473 1551 Patri,
1493 1504 1536 1541 et
1553 1497 1679 1548 Fssio,
1698 1501 1743 1538 et
1761 1492 1944 1549 Spiritui

1121 1562 1283 1598 sancto.
1314 1557 1435 1598 Sicut
1459 1561 1552 1598 erat
1576 1556 1621 1597 in
1638 1551 1871 1608 principie,
1895 1554 1941 1592 et

1122 1626 1247 1663 nunc,
1271 1618 1315 1655 et
1334 1626 1519 1666 semper:
1541 1617 1585 1654 et
1611 1612 1656 1652 in
1680 1607 1843 1652 saecula
1865 1619 1943 1649 sae-

1123 1669 1329 1711 culorum.
1348 1670 1499 1711 Amen.

1174 1731 1287 1779 Quia
1329 1731 1528 1784 promisit
1566 1728 1781 1771 Dominus
1822 1725 1945 1768 coro-

1124 1800 1223 1828 nam
1247 1787 1532 1837 vigilantibus.

1179 1848 1270 1889 Non
1297 1849 1351 1889 sit
1372 1848 1498 1889 vobis
1519 1860 1679 1889 vanum
1703 1857 1831 1886 mane
1856 1846 1946 1886 sur-

1124 1917 1226 1955 gere
1266 1909 1364 1946 ante
1404 1905 1563 1946 lucem:
1606 1903 1707 1956 quia
1746 1899 1948 1955 promisit

1125 1961 1337 2002 Dominus
1365 1963 1571 2003 eoronam
1599 1957 1888 2011 vigilantibus.

1181 2032 1351 2074 Hymnus
1378 2042 1480 2073 sequ.
1507 2030 1577 2064 die.
1611 2030 1647 2063 in
1671 2027 1886 2063 Dominicis
1911 2030 1947 2060 et

1131 2079 1248 2112 Feriis
1275 2090 1394 2121 usquc
1421 2078 1468 2111 ad
1488 2078 1728 2112 Dominicam
1747 2074 1948 2110 Passionis

1129 2127 1331 2160 exclusive.

1433 2180 1639 2230 Hymnus.

1210 2264 1237 2290 x
1265 2263 1386 2292 more
1415 2250 1532 2292 docti
1559 2251 1744 2303 mystico

1231 2307 1462 2349 Servemus
1488 2308 1574 2349 hoc
1601 2308 1814 2360 jejunium,

1181 2364 1306 2405 Deno
1334 2363 1500 2405 dierum
1529 2364 1692 2406 circulo

1182 2419 1324 2460 Ducto
1355 2425 1506 2472 quater
1533 2421 1772 2462 notissimo.

1135 2489 1222 2529 Lex
1251 2493 1294 2530 et
1321 2489 1550 2541 prophetae
1580 2489 1780 2542 primitus

1184 2546 1281 2586 Hoc
1308 2545 1602 2597 praetulorunt‚
1625 2543 1909 2598 postmodum

1185 2600 1379 2642 Christus
1408 2603 1608 2651 sacravit,
1636 2602 1830 2643 omnium

1183 2657 1278 2698 Rex
1307 2662 1436 2709 atque
1465 2658 1603 2700 factor
1630 2659 1888 2710 temporum.
