2066 2956
566 178 740 211 Officium
768 179 939 212 votivum
964 178 1010 212 dc
1037 178 1221 212 Pussionc
1249 178 1289 211 Ι).
1314 178 1355 211 Ν.
1378 179 1409 211 J.
1432 179 1470 211 (1.

1777 175 1867 221 [255]

220 280 318 318 Ant.
358 279 466 318 Cum
493 276 560 317 his
594 276 668 328 qui
699 275 886 318 oderunt
917 289 990 329 pa-

167 346 279 383 cem,
307 346 426 375 eram
452 332 681 386 pacificus:
712 332 816 374 dum
842 333 990 385 loque-

166 388 246 431 bar
264 389 360 440 illis,
379 389 694 442 impugnabant
707 402 781 437 ¹me
800 390 946 441 gratis.

225 447 334 486 Ant.v
356 444 420 487 Ab
439 445 697 488 hominibus.

432 504 627 542 l‘salmus
651 503 732 541 1:35».

252 558 347 612 ripe
388 573 458 602 me
490 559 680 601 Dumine
725 559 780 600 ab
814 558 990 600 homine

267 616 399 658 malo:
413 617 436 643 *
452 629 477 658 a
490 616 585 658 viro
604 616 752 668 iniquo
773 616 892 668 eripe
910 628 991 656 me.

218 671 303 722 Qui
334 673 636 724 cogitaverunt
664 672 916 725 iniquitates
947 672 991 712 in

166 727 318 770 corde:
353 729 378 755 *
413 734 508 772 tota
553 729 623 771 die
668 728 992 771 constituebant

165 784 329 837 praelia.

218 841 445 891 Acuerunt
462 841 631 893 linguas
651 854 752 882 suas
773 841 885 883 sicut
904 853 989 882 ser-

165 898 322 949 pentis:
336 898 360 924 *
375 899 591 939 venenum
611 898 813 951 aspidum
833 897 913 939 sub
931 897 990 938 la-

166 952 250 994 biis
269 956 432 996 eurum.

218 1009 401 1052 Custodi
435 1024 506 1053 me
543 1011 731 1053 Demine
769 1011 824 1053 de
860 1024 991 1052 manu

165 1067 426 1118 peccaturis:
445 1068 470 1095 *
495 1071 539 1109 et
562 1067 617 1110 ab
642 1067 890 1109 hominibus
914 1068 989 1108 ini-

167 1123 262 1174 quis
282 1123 402 1176 eripe
420 1136 502 1165 me.

219 1179 303 1230 Qui
353 1180 655 1232 cogitaverunt
707 1180 990 1234 supplantare

164 1247 342 1287 gressus
366 1249 504 1278 meos:
527 1237 551 1262 *
574 1236 899 1278 absconderunt
924 1250 989 1277 su-

164 1291 291 1344 perbi
308 1292 514 1345 laqueum
531 1292 649 1334 mihi:

217 1348 274 1390 Et
301 1349 425 1390 funes
454 1348 743 1391 extenderunt
773 1350 818 1390 in
843 1349 989 1402 laque-

168 1418 254 1446 um:
278 1405 301 1431 *
325 1406 445 1457 juxta
470 1406 553 1448 iter
580 1405 835 1447 scandalum
861 1418 990 1459 posu-

166 1462 293 1503 erunt
311 1461 428 1503 mihi.

216 1518 321 1559 Dixi
340 1518 546 1560 Demino:
569 1519 691 1560 Deus
709 1531 833 1561 meus
858 1532 904 1560 es
929 1523 991 1560 tu:

165 1574 189 1600 *
209 1575 369 1617 exaudi
392 1575 581 1618 Domine
605 1588 762 1617 vocem
785 1574 990 1628 depreca-

163 1631 297 1673 tionis
323 1645 445 1674 meae.

215 1687 421 1739 Demine,
455 1689 643 1730 Domine
671 1689 808 1731 virtus
840 1687 991 1729 salutis

165 1757 292 1786 meae:
325 1747 349 1773 *
381 1745 655 1788 obumbrasti
691 1758 821 1798 super
859 1750 992 1797 caput

165 1813 310 1843 meum
327 1802 372 1842 in
391 1801 462 1844 die
479 1801 598 1844 belli:

217 1857 286 1899 Ne
305 1858 454 1900 tradas
473 1872 544 1900 me
562 1858 751 1900 Demine
774 1870 800 1898 a
823 1857 991 1899 deside-

166 1913 232 1955 rio
256 1927 356 1956 meo
380 1915 619 1968 peccateri:
643 1916 667 1942 *
691 1914 992 1965 cogitaverunt

167 1974 321 2012 contra
338 1984 425 2021 me,
449 1984 505 2013 ne
524 1971 802 2023 derelinquas
826 1983 913 2020 me,
937 1983 992 2012 ne

166 2026 279 2068 forte
299 2027 553 2069 exaltentur.

220 2083 364 2136 Caput
390 2083 596 2125 circuitus
624 2085 790 2126 eorum:
816 2083 840 2109 *
867 2082 992 2125 labor

166 2138 383 2181 labierum
400 2140 597 2193 ipsorum
616 2139 786 2193 operiet
805 2152 892 2181 eos.

221 2195 389 2238 Cadent
417 2209 549 2249 super
576 2209 653 2238 eos
683 2195 912 2246 carbenes,
948 2196 992 2236 in

166 2252 312 2303 ignem
346 2251 521 2304 dejicies
554 2265 646 2294 eos:
678 2252 702 2278 *
732 2252 776 2293 in
807 2252 993 2293 miseriis

167 2321 256 2350 non
275 2308 523 2350 subsistent.

219 2364 300 2406 Vir
332 2364 557 2416 linguosus
588 2378 676 2406 non
710 2364 919 2415 dirigetur
949 2364 992 2404 in

167 2425 301 2462 terra:
328 2421 352 2447 *
380 2422 520 2462 virum
552 2421 758 2474 injustum
784 2420 899 2462 mala
926 2422 992 2461 ca-

168 2477 290 2530 pient
307 2477 352 2518 in
370 2478 557 2519 interitu.

221 2533 418 2585 Cognovi
463 2534 564 2586 quia
608 2534 740 2575 faciet
779 2533 994 2574 Dominus

169 2589 373 2641 judicium
406 2591 568 2643 inopis:
609 2591 633 2616 *
677 2595 720 2632 et
757 2588 994 2631 vindictam

168 2649 423 2699 pauperum.

220 2703 535 2744 Verumtamen
553 2703 654 2754 justi
672 2702 993 2744 confitebuntur

1043 275 1209 316 nemini
1235 281 1328 317 tuo:
1355 276 1378 302 *
1405 280 1448 317 et
1476 274 1734 317 habitabunt
1760 273 1869 315 recti

1045 345 1143 373 cum
1162 331 1285 373 vultu
1304 337 1392 374 tuo.

1098 390 1194 428 Ant.
1242 388 1307 430 Ab
1343 388 1592 430 hominibus
1628 388 1787 440 iniquis
1822 388 1868 428 li-

1042 444 1149 487 bera
1169 458 1239 486 me
1258 445 1456 486 Domine.

1098 503 1195 542 Ant.
1213 505 1238 554 ⁴(
1250 500 1410 543 :ustodi
1428 514 1510 543 me.

1304 562 1499 600 l'salnius
1523 563 1610 599 ito.

1130 615 1273 656 omine
1306 614 1491 656 clamavi
1523 613 1580 655 ad
1611 618 1670 663 te,
1711 614 1869 655 exaudi

1141 684 1227 713 me:
1245 673 1270 699 *
1294 669 1469 713 intende
1493 670 1592 711 voci
1614 683 1741 721 meae,
1770 684 1868 712 cum

1044 728 1290 770 clamavero
1310 728 1366 770 ad
1385 733 1439 769 te.

1094 785 1318 836 Dirigatur
1333 784 1475 826 oratio
1489 796 1587 825 mea
1602 783 1714 825 sicut
1727 784 1867 824 incen-

1044 854 1139 883 sum
1166 842 1210 882 in
1243 843 1484 894 conspectu
1511 845 1604 882 tuo:
1631 840 1654 866 *
1682 840 1867 882 elevatio

1043 900 1250 940 manuum
1281 900 1478 940 mearum
1511 896 1772 938 sacrificium
1799 909 1867 937 ve-

1045 957 1296 1007 spertinum.

1085 1011 1206 1053 Pone
1215 1012 1312 1053 Dfie
1324 1010 1569 1053 custodiam
1585 1010 1650 1051 ori
1664 1022 1780 1051 meo:
1790 1010 1814 1037 *
1825 1014 1869 1051 et

1044 1068 1205 1109 estium
1231 1067 1570 1109 circumstantiae
1595 1066 1721 1108 labiis
1746 1066 1867 1108 meis.

1093 1124 1195 1166 Non
1221 1123 1413 1166 declines
1439 1137 1515 1165 cor
1539 1136 1685 1165 meum
1709 1123 1754 1163 in
1776 1136 1868 1164 ver-

1043 1180 1099 1222 ba
1118 1181 1308 1231 malitiae,
1326 1181 1350 1206 *
1370 1180 1427 1222 ad
1447 1179 1718 1222 excusandas
1742 1192 1868 1221 excu-

1044 1238 1235 1279 satiunes
1254 1238 1297 1278 in
1316 1237 1522 1290 peccatis.

1097 1294 1205 1335 Cum
1222 1294 1473 1336 hominibus
1493 1292 1777 1346 operantibus
1793 1287 1868 1333 i'ni-

1045 1351 1273 1403 quitatem:
1300 1351 1324 1376 *
1352 1355 1395 1392 et
1422 1363 1509 1391 non
1537 1348 1867 1391 communicabo

1044 1420 1143 1448 cum
1162 1407 1312 1448 electis
1332 1409 1493 1448 eorum.

1095 1463 1313 1516 Corripiet
1330 1476 1400 1505 me
1418 1464 1554 1514 justus
1568 1463 1612 1503 in
1626 1461 1867 1503 misericor-

1044 1519 1132 1569 dia,
1158 1524 1201 1561 et
1219 1519 1464 1572 increpabit
1486 1532 1572 1560 me:
1590 1519 1613 1545 *
1634 1518 1778 1560 oleum
1797 1530 1866 1558 au-

1043 1580 1133 1617 tem
1157 1577 1405 1629 peccatoris
1429 1589 1517 1617 non
1540 1576 1781 1628 impinguet
1801 1587 1868 1615 ca-

1043 1637 1124 1685 put
1142 1645 1297 1674 meum.

1093 1689 1310 1739 Quoniam
1343 1688 1486 1730 adhuc
1519 1693 1563 1730 et
1599 1688 1739 1730 oratio
1772 1700 1870 1729 mea

1043 1745 1086 1785 in
1114 1745 1400 1798 beneplacitis
1431 1747 1597 1787 eorum:
1622 1745 1646 1771 *
1672 1744 1871 1797 absorpti

1045 1807 1145 1843 sunt
1162 1802 1295 1854 juncti
1313 1807 1453 1854 petrae
1472 1801 1636 1853 judices
1657 1803 1818 1843 eorum.

1095 1858 1290 1900 Audient
1308 1858 1443 1900 verba
1459 1871 1556 1900 mea
1573 1858 1778 1911 quoniam
1792 1870 1868 1910 po—

1042 1916 1233 1956 tuerunt:
1265 1915 1288 1941 *
1321 1915 1432 1956 sicut
1464 1914 1709 1956 crassitudo
1740 1919 1870 1956 terrae

1045 1974 1202 2024 erupta
1221 1976 1288 2013 est
1307 1984 1438 2024 super
1457 1977 1631 2013 terram.

1094 2028 1320 2081 Dissipata
1339 2033 1438 2070 sunt
1458 2041 1559 2070 ossa
1576 2032 1727 2069 nostra
1743 2039 1869 2067 secus

1043 2084 1273 2126 infernum:
1303 2085 1327 2111 *
1361 2085 1462 2137 quia
1498 2084 1555 2126 ad
1589 2089 1633 2125 te
1669 2082 1867 2131 Domine,

1043 2140 1231 2182 Domine
1261 2141 1377 2182 eculi
1403 2141 1503 2182 mei:
1538 2141 1582 2181 in
1608 2145 1652 2182 te
1684 2139 1868 2192 speravi,

1043 2209 1134 2237 non
1153 2197 1324 2239 auferas
1345 2197 1530 2238 animam
1548 2209 1702 2238 meam.

1097 2253 1280 2295 Custodi
1297 2266 1368 2294 me
1393 2266 1418 2294 a
1435 2253 1610 2304 laqueo,
1637 2264 1767 2303 quem
1786 2256 1869 2292 sta-

1044 2311 1221 2351 tuerunt
1240 2310 1359 2350 mihi:
1378 2310 1402 2335 *
1422 2314 1465 2351 et
1484 2322 1509 2350 a
1532 2307 1749 2350 scandalis
1769 2320 1869 2361 ope-

1044 2366 1235 2407 rantium
1254 2365 1538 2417 iniquitatem.

1097 2421 1266 2463 Cadent
1292 2422 1336 2462 in
1364 2420 1575 2463 retiaculo
1601 2421 1690 2472 ejus
1717 2432 1869 2473 pecca-

1045 2479 1179 2519 tores:
1205 2479 1230 2504 *
1258 2477 1532 2528 singulariter
1560 2489 1656 2517 sum
1684 2489 1766 2528 ego
1795 2476 1870 2518 do-

1046 2546 1127 2575 nec
1144 2535 1374 2576 transeam.

1102 2589 1201 2629 Ant.
1220 2589 1402 2631 Custedi
1419 2602 1490 2630 me
1509 2601 1535 2630 a
1550 2589 1721 2642 laqueo,
1742 2602 1871 2641 quem

1046 2648 1290 2688 statuerunt
1303 2645 1417 2695 mihi,
1438 2650 1480 2687 et
1495 2658 1520 2686 a
1536 2645 1752 2687 scandalis
1769 2658 1869 2698 ope-

1045 2703 1234 2743 rantium
1252 2702 1534 2754 iniquitatem.
