2066 2904
786 148 995 180 Commune

145 241 318 283 ostendi
346 242 487 291 vobis,
525 241 731 292 queniam
763 240 826 281 sic
854 239 973 281 labo-

144 300 291 340 rantes
315 300 493 351 opertet
518 299 742 349 suscipere
765 296 973 336 infirmos.

203 357 252 408 R.
265 354 360 396 Sint
374 353 510 395 lumbi
525 353 660 394 vestri
673 352 912 405 praecincti,
930 356 974 393 et

145 411 334 452 lucernae
362 409 567 450 ardentes
602 409 645 449 in
673 408 876 450 manibus
903 421 974 449 ve-

145 467 261 508 stris:
275 467 361 507 *Et
374 478 455 506 vos
466 465 629 506 similes
640 464 889 506 hominibus
904 477 973 505 ex—

144 521 446 575 spectantibus
458 521 683 563 deminum
694 534 832 570 suum,
849 533 974 573 quan-

145 578 203 620 do
219 580 465 620 revertatur
481 591 507 618 a
521 578 696 630 nuptiis.
719 576 768 624 Y.
782 577 974 627 Vigilate

145 647 267 686 ergo,
297 635 398 687 quia
425 634 603 675 nescitis
632 646 718 685 qua
746 633 855 674 hora
880 633 974 673 Dfis

144 696 291 732 vester
308 693 517 732 venturus
538 691 603 731 sit.
628 691 695 731 Et.
723 690 883 730 (‘leria.
907 689 974 729 Et.

451 746 630 787 Lectio
621 762 674 786 lx.

229 803 343 845 acite
379 802 506 844 vobis
543 802 744 844 sacculos
780 803 854 855 qui
886 815 974 843 non

248 861 546 900 veterascunt:
582 859 883 910 eleemesynas
916 859 974 900 vi-

146 915 304 957 delicet
323 915 570 968 operando,
600 928 784 967 quarum
806 927 975 956 merces

144 972 189 1012 in
213 973 425 1013 aeternum
443 973 629 1012 maneat.
665 970 751 1012 Ubi
776 983 865 1012 non
890 970 975 1012 hoc

145 1029 420 1080 praeceptum
439 1039 536 1068 esse
557 1026 803 1080 putandum
823 1031 907 1076 est,
928 1031 976 1067 ut

145 1083 206 1124 nil
237 1084 436 1136 pecuniae
468 1085 717 1124 reservetur
748 1096 774 1124 a
802 1083 976 1132 sanctis,

146 1139 216 1181 vel
235 1140 324 1180 suis
344 1139 520 1188 scilicet,
541 1139 610 1180 vel
626 1142 873 1192 pauperum
892 1139 975 1180 usi·

145 1195 228 1237 bus
252 1195 554 1247 suggerendae:
583 1209 682 1236 cum
707 1200 750 1237 et
772 1196 869 1248 ipse
888 1196 975 1236 De-

145 1252 298 1301 minus,
318 1252 389 1293 cui
403 1251 711 1293 ministrabant
725 1252 895 1303 Angeli,
914 1256 975 1293 ta-

146 1321 247 1349 men
283 1308 340 1349 ad
374 1308 697 1350 informandam
732 1308 976 1349 Ecclesiam

147 1377 272 1405 suam
294 1364 466 1406 leculos
491 1364 697 1406 habuisse
716 1364 904 1415 legatur,
933 1369 977 1405 et

147 1433 173 1461 a
199 1420 403 1462 fidelibus
432 1420 581 1462 oblata
610 1422 896 1470 conservans,
934 1425 978 1461 et

149 1479 328 1518 suerum
351 1476 688 1518 necessitatibus
712 1477 895 1529 aliisque
915 1477 976 1517 in-

148 1532 397 1584 digentibus
429 1532 642 1583 tribuens,
681 1533 760 1574 sed
791 1546 846 1574 ne
879 1534 976 1574 Deo

147 1593 330 1641 propter
344 1589 429 1630 ista
443 1590 669 1639 serviatur,
689 1595 733 1630 et
746 1589 803 1630 ob
814 1589 976 1642 inepiae

146 1645 351 1687 timerem
369 1646 532 1696 justitia
551 1645 789 1687 deseratur.

200 1702 264 1743 Te
281 1701 425 1743 Deum
443 1701 684 1743 laudamus.
704 1702 763 1743 15.

317 1838 426 1879 Pro
455 1838 802 1880 Abbatibus

370 1904 420 1943 In
439 1904 509 1943 ΠΙ.
530 1904 753 1943 Nocturno.

147 1964 300 2005 Lectio
325 1965 465 2006 sancti
483 1965 711 2015 Evangelii
735 1964 976 2006 secundum

430 2020 699 2062 Matthaeum.

249 2076 400 2117 Lectio
422 2077 488 2116 vii.
630 2077 732 2128 Cap.
755 2078 811 2115 19.
834 2076 871 2115 d.

193 2147 222 2174 n
249 2132 324 2174 illo
350 2134 566 2186 tempore:
592 2134 715 2175 Dixit
737 2135 894 2175 Petrus
919 2133 976 2175 ad

227 2189 394 2231 Jesum:
436 2189 554 2231 Ecce
594 2203 676 2231 nos
718 2190 974 2242 reliquimus

148 2246 311 2295 emnia,
345 2250 389 2286 et
421 2245 561 2287 secuti
591 2259 740 2287 sumus
773 2251 836 2287 te:
869 2244 975 2298 quid

149 2314 254 2352 ergo
275 2301 358 2342 erit
373 2300 524 2342 nobis?
564 2301 622 2343 Et
639 2302 818 2354 reliqua.

150 2374 339 2415 Homilia
364 2375 404 2416 S.
429 2375 688 2427 Hierenymi
711 2375 975 2427 Presbyteri.

292 2434 372 2468 lib.
398 2436 426 2468 5³».
455 2436 489 2467 iu
519 2434 647 2467 Matth.
674 2445 754 2476 cap.
783 2435 833 2466 150.

152 2494 251 2547 §1335
273 2486 430 2528 randis
454 2487 630 2528 fiducia:
653 2487 811 2528 Petrus
835 2487 974 2539 pisce-

154 2543 156 2547 *
183 2545 276 2599 ἦρξ’·,ῑ
300 2547 371 2584 tor
403 2548 513 2592 erat,
546 2542 670 2584 dives
702 2555 791 2584 non
822 2543 974 2591 fuerat,

217 2601 273 2619 Χ
301 2598 425 2640 cibos
451 2611 584 2640 manu
614 2604 658 2640 et
686 2604 780 2640 arte
811 2600 974 2650 quaere-

147 2623 236 2694 bat:
255 2658 299 2695 et
316 2658 463 2695 tamen
481 2654 676 2706 lequitur
691 2654 975 2703 confidenter,

1022 147 1226 180 Abbatum.

1026 239 1303 292 Reliquimus
1340 240 1496 281 emnia.
1542 240 1599 281 Et
1635 239 1737 291 quia
1770 251 1860 279 non

1028 295 1190 337 sufficit
1221 300 1391 337 tantum
1426 296 1692 348 relinquere,
1724 295 1860 346 jungit

1029 351 1150 404 quod
1167 351 1414 404 perfectum
1432 357 1513 393 est:
1544 352 1601 393 Et
1626 351 1767 392 seceti
1791 364 1859 392 su-

1027 421 1124 449 mus
1164 413 1220 449 te.
1273 408 1476 449 Fecimus
1519 407 1640 460 quod
1683 407 1861 459 jussisti:

1030 464 1135 516 quid
1173 464 1305 515 igitur
1342 464 1471 505 nobis
1504 463 1631 505 dabis
1666 463 1860 516 praemii?

1027 522 1052 562 J
1057 533 1158 562 esus
1178 525 1324 561 autem
1343 520 1454 561 dixit
1472 519 1574 561 illis:
1597 520 1740 561 Amen
1760 519 1861 561 dico

1028 576 1171 618 vobis:
1210 576 1330 629 quod
1362 589 1442 617 vos
1476 577 1550 628 qui
1582 576 1723 617 secuti
1756 576 1861 617 estis

1027 646 1115 683 me,
1140 634 1183 674 in
1203 633 1553 684 regeneratiene,
1578 645 1677 674 cum
1697 631 1862 673 sederit

1028 689 1165 730 Filius
1193 689 1383 730 heminis
1413 690 1457 729 in
1485 688 1591 730 sede
1619 688 1861 738 maiestatis

1029 758 1137 794 suae,
1165 745 1375 787 sedebitis
1401 750 1445 786 et
1468 758 1548 786 vos
1575 757 1707 797 super
1732 744 1861 786 sedes

1029 801 1274 851 duedecim,
1290 801 1536 853 judicantes
1549 801 1785 842 duedecim
1796 801 1863 842 tri-

1028 858 1111 899 bus
1130 858 1278 899 Israel.
1311 858 1414 899 Non
1434 858 1559 907 dixit,
1584 858 1668 908 Qui
1688 857 1862 909 reliqui-

1031 915 1111 955 stis
1132 915 1291 955 emnia:
1315 914 1401 955 hoc
1427 915 1542 955 enim
1567 919 1610 955 et
1631 914 1783 955 Crates
1804 913 1861 955 fe-

1031 971 1090 1012 cit
1108 970 1417 1023 philesophus,
1446 975 1489 1012 et
1510 970 1636 1012 multi
1658 970 1732 1010 alii
1756 969 1862 1011 divi-

1029 1027 1111 1067 tias
1141 1028 1520 1079 contempserunt:
1559 1026 1655 1075 sed,
1685 1026 1770 1076 Qui
1798 1038 1862 1067 se-

1030 1083 1120 1124 cuti
1149 1083 1254 1124 estis
1280 1096 1365 1124 me:
1395 1082 1515 1135 quod
1539 1083 1720 1135 preprie
1743 1082 1862 1134 Apo-

1030 1139 1246 1180 stolerum
1267 1144 1333 1180 est
1352 1144 1486 1191 atque
1506 1138 1790 1180 credentium.

1086 1197 1136 1248 R.
1165 1196 1256 1237 Iste
1284 1200 1352 1237 est
1379 1196 1454 1248 qui
1480 1200 1581 1236 ante
1604 1196 1750 1236 Deum
1775 1207 1862 1235 ma-

1029 1265 1137 1303 gnas
1165 1253 1350 1293 virtutes
1380 1254 1590 1304 operatus
1620 1256 1702 1301 est,
1737 1256 1781 1292 et
1807 1250 1862 1292 de

1030 1309 1150 1349 omni
1161 1308 1295 1350 corde
1309 1321 1389 1350 suo
1403 1308 1599 1349 laudavit
1609 1308 1863 1349 Deminum:

1032 1365 1054 1387 *
1082 1365 1186 1417 Ipse
1214 1364 1459 1405 intercedat
1484 1377 1567 1429 pro
1593 1363 1790 1416 peccatis
1819 1365 1863 1404 e-

1029 1421 1194 1461 mnium
1212 1420 1490 1473 populerum.
1522 1416 1570 1467 Υ
1594 1421 1710 1461 Ecce
1729 1419 1862 1460 homo

1031 1477 1124 1518 sine
1145 1477 1333 1529 querela,
1349 1490 1478 1518 verus
1493 1477 1578 1517 Dei
1596 1476 1750 1526 cultor,
1767 1475 1862 1517 abs—

1029 1533 1173 1574 tinens
1206 1546 1254 1574 se
1286 1533 1342 1574 ab
1370 1533 1488 1574 omni
1510 1535 1645 1585 epere
1670 1508 1799 1581 malo,
1820 1536 1863 1573 et

1030 1591 1294 1641 permanens
1309 1590 1353 1630 in
1368 1589 1618 1630 innocentia
1634 1601 1724 1629 sua.
1747 1589 1863 1641 Ipse.

1318 1646 1470 1687 Lectio
1495 1647 1577 1686 viii.

1081 1715 1110 1742 n
1130 1702 1476 1753 regeneratiene,
1497 1714 1597 1743 cum
1614 1701 1781 1743 sederit
1795 1701 1862 1741 Fi-

1089 1758 1175 1799 lius
1202 1758 1392 1799 heminis
1419 1758 1463 1799 in
1489 1757 1595 1799 sede
1618 1757 1862 1810 maJestatis

1029 1827 1122 1855 suae
1150 1815 1341 1866 (quando
1372 1819 1415 1856 et
1443 1815 1606 1855 mertui
1632 1814 1688 1855 de
1716 1827 1862 1855 corru-

1027 1871 1181 1923 ptiene
1200 1874 1432 1922 resurgent
1447 1870 1719 1923 incorrupti),
1739 1869 1861 1911 sede-

1027 1926 1131 1968 bitis
1160 1932 1204 1969 et
1230 1940 1311 1968 vos
1343 1928 1387 1968 in
1416 1927 1538 1968 seliis
1566 1926 1861 1979 judicantium,

1029 1983 1375 2025 condemnantes
1395 1983 1631 2025 duedecim
1644 1982 1787 2023 tribus
1801 1983 1861 2022 Is-

1028 2039 1134 2080 rael:
1173 2040 1274 2092 quia
1306 2039 1433 2081 vobis
1467 2038 1767 2087 credentibus,
1799 2037 1862 2078 illi

1028 2095 1208 2137 credere
1235 2095 1483 2137 noluerunt.
1526 2096 1583 2136 Et
1613 2094 1754 2136 omnis
1788 2093 1862 2146 qui

1027 2151 1253 2203 reliquerit
1272 2151 1468 2201 domum,
1496 2151 1566 2192 vel
1584 2151 1758 2199 fratres,
1787 2154 1862 2190 aut

1028 2209 1220 2257 soreres,
1250 2213 1326 2249 aut
1350 2213 1538 2260 patrem,
1567 2212 1642 2248 aut
1664 2210 1860 2256 matrem,

1027 2267 1102 2304 aut
1129 2266 1328 2321 uxerem,
1355 2268 1430 2305 aut
1457 2263 1587 2313 filios,
1625 2267 1701 2303 aut
1729 2275 1860 2313 agros

1027 2324 1211 2372 propter
1234 2313 1395 2361 nomen
1417 2332 1577 2369 meum;
1606 2318 1860 2382 centuplum

1027 2376 1229 2428 accipiet,
1259 2380 1303 2417 et
1325 2376 1460 2417 vitam
1486 2377 1697 2416 aeternam
1720 2373 1859 2427 possi-

1027 2430 1157 2473 debit.
1192 2432 1339 2483 Locus
1361 2432 1444 2473 iste
1470 2444 1569 2472 cum
1591 2430 1666 2471 illa
1690 2432 1859 2472 senten-

1026 2488 1087 2528 tia
1106 2488 1317 2538 cengruit,
1336 2488 1380 2527 in
1400 2500 1486 2539 qua
1500 2486 1703 2528 Salvator
1721 2486 1858 2538 lequi-

1026 2547 1112 2584 tur:
1139 2543 1241 2584 Non
1267 2544 1367 2584 veni
1387 2555 1543 2595 pacem
1561 2545 1750 2593 mittere,
1779 2543 1859 2584 sed

1027 2599 1231 2650 gledium.
1269 2599 1383 2640 Veni
1407 2599 1521 2640 enim
1550 2601 1757 2651 separare
1782 2598 1857 2640 he-

1026 2655 1188 2696 minem
1216 2667 1242 2695 a
1269 2659 1396 2707 patre
1423 2667 1520 2705 suo,
1551 2660 1595 2696 et
1621 2660 1807 2696 matrem
1833 2667 1859 2695 a
