2028 2892
231 297 285 337 Et
310 308 407 336 cum
431 292 568 334 electo
594 291 756 332 electus
776 287 876 329 eris:
901 286 924 311 *
950 289 992 326 et

181 365 277 394 curn
296 351 501 404 perverso
521 345 794 400 perverteris.

233 407 443 458 Quoniam
475 411 521 446 tu
552 402 760 456 populum
788 397 993 441 humilem

182 464 346 506 salvum
374 461 519 503 facies:
545 461 568 485 *
597 464 640 500 et
667 457 817 499 oculos
849 466 994 506 super-

181 521 334 562 borum
353 516 608 559 humiliabis.

233 575 445 626 Quoniam
469 579 515 615 tu
540 570 754 613 illuminas
777 569 996 609 lucernam

182 644 321 673 meam
346 630 545 671 Domine:
568 629 591 653 *
614 628 734 668 Deus
758 637 879 666 meus
904 623 995 664 illu-

181 688 296 729 mina
315 685 515 728 tenebras
533 696 662 725 meas.

235 743 447 794 Quoniam
479 743 521 782 in
552 746 596 782 te
624 738 780 791 eripiar
810 750 834 778 a
861 741 996 778 tenta-

183 801 319 847 tione,
347 799 369 823 *
398 803 440 839 et
468 798 510 838 in
537 797 632 838 Deo
660 807 757 835 meo
785 793 997 843 transgre-

185 856 279 897 diar
297 867 476 895 murum.

235 912 354 952 Deus
385 923 506 951 meus
537 907 762 961 impolluta
794 906 863 946 via
895 905 998 956 ejus:

186 966 358 1019 eloquia
381 965 555 1007 Domini
578 965 675 1015 igne
702 962 958 1005 examinata:
976 961 999 986 *

185 1025 408 1077 protector
432 1027 497 1063 est
521 1020 711 1062 omnium
734 1017 1000 1072 sperantium

187 1080 229 1120 in
254 1092 310 1120 se.

239 1134 451 1186 Quoniam
476 1133 571 1186 quis
594 1133 713 1173 Deus
736 1135 896 1184 praeter
914 1130 1001 1170 Do-

188 1189 371 1232 minum?
404 1191 427 1215 *
459 1195 533 1230 aut
565 1189 661 1241 quis
692 1189 811 1229 Deus
842 1191 1002 1239 praeter

189 1248 330 1289 Deum
348 1244 565 1287 nostrum?

241 1304 360 1345 Deus
389 1302 461 1354 qui
488 1300 716 1355 praecinxit
738 1312 807 1341 me
831 1300 1004 1341 virtute:

190 1361 213 1385 *
251 1365 294 1401 et
337 1359 483 1412 posuit
526 1356 845 1398 immaculatam
890 1356 1005 1396 viam

190 1428 341 1457 meam.

243 1472 324 1522 Qui
359 1470 541 1524 perfecit
576 1469 711 1523 pedes
746 1481 868 1510 meos
900 1474 1005 1510 tam-

195 1541 322 1580 quam
341 1528 577 1575 cervorum,
592 1527 614 1551 *
630 1531 673 1567 et
692 1538 821 1577 super
836 1524 1006 1566 excelsa

193 1586 386 1626 statuens
404 1595 483 1623 me.

245 1640 327 1690 Qui
352 1638 480 1680 docet
503 1650 655 1678 manus
678 1650 797 1678 meas
821 1636 877 1678 ad
898 1639 1007 1689 prae-

194 1695 312 1736 lium:
322 1696 345 1720 *
357 1700 400 1737 et
410 1694 605 1747 posuisti,
621 1699 667 1735 ut
679 1706 825 1734 arcum
837 1695 1008 1742 aereum,

195 1750 371 1793 brachia
390 1763 496 1792 mea.

246 1807 302 1848 Et
321 1806 479 1848 dedisti
494 1805 599 1846 mihi
613 1805 931 1857 protectionem
946 1817 1009 1845 sa—

195 1863 298 1904 lutis
323 1868 425 1904 tuae:
446 1863 469 1887 *
495 1867 537 1903 et
561 1861 740 1903 dextera
768 1866 844 1903 tua
869 1862 1009 1902 susce-

197 1919 261 1972 pit
279 1932 362 1960 me:

250 1975 304 2016 Et
328 1973 553 2027 disciplina
576 1979 649 2015 tua
674 1973 861 2015 correxit
880 1986 949 2015 me
968 1973 1012 2013 in

199 2031 343 2072 finem:
361 2031 384 2056 *
404 2035 447 2072 et
471 2029 698 2082 disciplina
724 2035 799 2071 tua
823 2030 917 2082 ipsa
942 2043 1011 2071 me

200 2086 385 2128 docebit.

251 2142 454 2184 Dilatasti
494 2154 667 2192 gressus
703 2154 825 2183 meos
861 2141 1013 2183 subtus

201 2212 283 2240 me:
302 2200 325 2223 *
347 2203 391 2240 et
414 2210 500 2239 non
525 2202 624 2238 sunt
649 2197 863 2239 infirmata
888 2200 1013 2239 vesti-

203 2254 272 2304 gia
289 2267 398 2295 mea:

253 2310 493 2362 Persequar
502 2310 837 2359 inimicosmeos,
849 2315 892 2351 et
903 2323 1016 2351 corn-

205 2365 467 2418 prehendam
490 2366 603 2407 illos:
621 2366 644 2391 *
664 2371 707 2407 et
730 2379 815 2407 non
841 2368 1015 2407 conver-

206 2426 284 2469 tar,
302 2421 440 2463 donec
459 2421 673 2463 deficiant.

258 2477 531 2526 Confringam
562 2477 674 2527 illos,
706 2491 786 2519 nec
814 2481 1018 2530 poterunt

208 2538 336 2574 stare:
353 2533 375 2557 *
395 2533 548 2574 cadent
568 2533 719 2575 subtus
738 2534 872 2586 pedes
887 2547 1019 2575 meos.

260 2589 314 2629 Et
327 2589 587 2640 praecinxisti
607 2603 674 2631 me
690 2590 848 2631 virtute
864 2590 918 2632 ad
934 2590 1019 2632 bel-

209 2643 310 2685 lum:
329 2644 351 2668 *
375 2650 417 2684 et
442 2644 726 2696 supplantasti
752 2646 1020 2698 insurgentes

209 2700 251 2742 in
269 2712 338 2741 me
358 2699 509 2742 subtus
528 2713 606 2742 me.

754 194 950 228 Dominicu
977 192 1022 225 ad
1049 188 1281 223 Matutinum.

1094 282 1150 322 Et
1182 279 1380 320 inimicos
1416 286 1539 315 meos
1571 269 1731 313 dedisti
1762 267 1869 309 mihi

1045 338 1234 384 dorsum,
1249 335 1272 360 *
1289 339 1331 375 et
1351 331 1548 374 odientes
1567 340 1636 369 me
1657 324 1868 379 disperdi-

1046 394 1156 436 disti.
1827 420 1833 424 ,

1099 449 1413 494 Clamaverunt,
1430 456 1511 485 nec
1526 446 1620 483 erat
1636 439 1709 493 qui
1719 438 1870 480 salvos

1046 508 1223 554 faceret,
1249 503 1305 545 ad
1323 501 1572 543 Dominum:
1591 498 1614 523 *
1637 508 1718 538 nec
1743 507 1870 537 exau-

1048 563 1154 605 divit
1173 574 1260 603 eos.

1099 620 1154 660 Et
1170 618 1459 659 comminuam
1475 625 1562 661 eOS,
1581 615 1630 652 ut
1645 608 1872 662 pulverem

1049 682 1147 718 ante
1173 674 1327 715 faciem
1352 670 1482 713 venti:
1501 669 1524 695 *
1548 673 1596 709 ut
1619 667 1759 708 lutum
1783 664 1872 718 pla-

1049 735 1218 775 tearum
1238 728 1393 771 delebo
1414 739 1501 768 eos.

1100 787 1271 840 Eripies
1291 798 1360 826 me
1381 783 1435 825 de
1455 778 1874 824 contradictionibus

1050 844 1215 899 populi:
1242 844 1265 868 *
1294 842 1533 884 constitues
1564 850 1634 879 me
1666 836 1711 877 in
1743 839 1876 888 caput

1051 901 1265 943 Gentium.

1101 956 1306 1009 Populus,
1328 966 1456 1007 quem
1470 965 1557 993 non
1573 948 1770 1001 cognovi,
1790 961 1876 990 ser-

1052 1014 1157 1056 vivit
1175 1012 1292 1053 mihi:
1311 1012 1333 1036 *
1353 1011 1396 1051 in
1415 1008 1566 1051 auditu
1589 1006 1705 1049 auris
1729 1004 1876 1047 obedi-

1053 1072 1114 1112 vit
1133 1069 1246 1111 mihi.

1104 1126 1201 1168 Filii
1233 1124 1359 1166 alieni
1390 1121 1559 1164 mentiti
1590 1124 1691 1161 sunt
1716 1118 1837 1168 mihi,
1855 1118 1879 1144 *

1054 1184 1129 1225 filii
1153 1182 1279 1224 alieni
1303 1178 1532 1221 inveterati
1557 1181 1671 1227 sunt,
1703 1180 1747 1218 et
1767 1174 1879 1217 clau-

1056 1240 1309 1282 dicaverunt
1329 1250 1354 1278 a
1374 1235 1537 1278 semitis
1557 1234 1656 1275 suis.

1106 1296 1227 1338 Vivit
1261 1293 1494 1341 Dominus,
1540 1295 1583 1333 et
1623 1288 1882 1332 benedictus

1055 1354 1176 1394 Deus
1207 1364 1346 1400 meUS,
1378 1351 1401 1376 *
1435 1354 1478 1390 et
1514 1347 1728 1390 exaltetur
1760 1345 1882 1387 Deus

1058 1409 1209 1451 salutis
1228 1420 1348 1449 meae.

1109 1466 1245 1514 Deus,
1271 1464 1344 1516 qui
1363 1462 1442 1504 das
1461 1460 1675 1503 vindictas
1693 1458 1814 1509 mihi,
1840 1462 1884 1500 et

1059 1521 1208 1564 subdis
1226 1520 1417 1574 populos
1436 1518 1516 1560 sub
1531 1530 1612 1567 me,
1631 1517 1655 1542 *
1674 1515 1884 1558 liberator

1058 1592 1181 1621 meus
1201 1578 1255 1619 de
1273 1576 1455 1618 inimicis
1474 1575 1582 1616 meis
1601 1571 1832 1615 iracundis.

1111 1636 1167 1676 Et
1192 1634 1245 1676 ab
1268 1631 1589 1683 insurgentibus
1612 1630 1656 1671 in
1679 1642 1750 1671 me
1771 1628 1884 1670 exal-

1060 1691 1174 1733 tabis
1193 1703 1276 1732 me:
1286 1690 1309 1715 *
1321 1702 1345 1730 a
1360 1689 1453 1730 viro
1468 1689 1617 1740 iniquo
1631 1686 1790 1739 eripies
1803 1697 1884 1727 me.

1111 1748 1351 1800 Propterea
1375 1743 1617 1787 confitebor
1641 1742 1721 1785 tibi
1745 1742 1790 1783 in
1812 1754 1884 1783 na-

1062 1803 1251 1846 tionibus
1276 1802 1478 1844 Domine:
1501 1802 1524 1827 *
1550 1805 1594 1843 et
1620 1799 1784 1841 nomini
1807 1802 1884 1840 tuo

1061 1860 1276 1914 psalmum
1295 1859 1447 1900 dicam.

1113 1916 1395 1967 Magnificans
1415 1915 1575 1956 salutes
1592 1913 1707 1964 regis
1723 1913 1824 1965 ejus,
1844 1915 1887 1954 et

1064 1974 1224 2015 faciens
1249 1970 1592 2013 misericordiam
1613 1969 1786 2012 Christo
1806 1980 1886 2010 suo

1064 2029 1221 2078 David,
1243 2030 1267 2055 *
1293 2034 1336 2070 et
1367 2028 1518 2071 semini
1551 2028 1640 2079 ejus
1673 2038 1812 2079 usque
1843 2026 1887 2067 in

1065 2085 1282 2127 saeculum.

1116 2142 1197 2182 Per
1236 2142 1416 2181 Annum.
1465 2142 1561 2181 Ant.
1613 2139 1803 2190 Diligam
1844 2143 1888 2180 te

1066 2198 1251 2239 Domine
1270 2197 1406 2238 virtus
1424 2209 1532 2237 mea.

1118 2256 1163 2295 ln
1207 2254 1421 2304 Quadrag.
1466 2249 1516 2300 Y.
1559 2252 1759 2305 Scapulis
1801 2252 1890 2294 suis

1069 2309 1346 2351 obumbrabit
1364 2309 1452 2350 tibi.
1481 2313 1528 2363 R.
1556 2309 1613 2350 Et
1637 2308 1717 2350 sub
1736 2309 1890 2362 pennis

1069 2367 1159 2418 ejus
1187 2365 1395 2418 sperabis.

1119 2424 1336 2475 Tempore
1367 2425 1595 2465 Passionis.
1628 2419 1678 2470 V.
1718 2422 1786 2463 De
1815 2434 1891 2463 ore

1070 2478 1207 2519 leonis
1238 2477 1375 2519 libera
1407 2491 1477 2519 me
1504 2478 1702 2520 Domine.
1744 2480 1795 2531 Rv.
1837 2478 1893 2518 Et

1071 2547 1095 2574 a
1132 2533 1334 2575 cornibus
1370 2535 1643 2576 unicornium
1678 2534 1892 2576 humilita-

1072 2595 1158 2631 tem
1187 2603 1340 2631 meam.

1122 2647 1270 2699 Temp.
1310 2647 1515 2687 paschali.
1559 2650 1655 2689 Ant.
1700 2647 1893 2699 Alleluia,

1074 2715 1203 2755 quem
1247 2703 1425 2756 quaeris,
1471 2702 1650 2744 mulier?
1704 2703 1892 2755 alleluja:
