2028 2892
714 173 866 214 Septem
896 170 1077 203 Dolorum
1105 168 1142 202 13.
1170 167 1214 201 M.
1243 167 1282 201 V.

147 273 225 317 ter,
244 271 318 308 aut
336 265 452 308 unde
470 266 551 308 tibi
569 265 666 307 haec
686 265 909 318 sapientia,
930 270 978 307 ut

147 324 315 364 mireris
352 322 452 376 plus
489 323 671 365 Mariam
712 322 977 374 compatien-

147 386 253 428 tem,
291 393 421 432 quam
453 380 606 421 Mariae
644 379 782 420 filium
813 379 977 431 patien-

147 435 258 478 tem?
292 436 372 478 Ille
399 436 531 478 etiam
555 436 667 478 mori
691 438 877 487 cdrpore
901 436 977 487 ρό-

148 493 244 543 tuit3
277 493 361 535 ista
389 492 600 534 c6mmori
628 490 762 533 corde
786 504 873 532 non
901 492 978 543 pd-

147 547 251 591 tuit?
289 549 412 591 Fecit
440 549 547 591 illud
575 549 749 597 caritas,
779 560 864 600 qua
890 560 977 588 ma-

148 607 285 658 jdrem
316 618 444 648 nemo
478 605 646 647 habuit:
678 604 781 646 fecit
816 609 859 646 et
893 603 979 645 hoc

149 662 326 712 caritas,
358 663 427 704 cui
458 668 562 715 post
592 662 711 703 illam
738 660 890 701 similis
919 660 977 701 al—

147 724 241 760 tera
260 732 347 761 non
369 719 459 761 fuit.

203 801 249 851 R.
277 793 384 844 Quis
407 792 513 834 mihi
537 791 612 834 det
629 797 674 834 te
693 791 872 833 fratrem
890 803 976 832 me-

147 864 220 892 um
252 851 481 901 sugentem
513 848 650 891 ubera
676 848 828 890 matris
855 860 978 897 meae,

148 913 191 948 et
209 904 463 947 inhaerendo
483 905 610 947 lateri
628 910 716 954 tuo,
735 909 783 946 ut
802 904 978 955 sanguis

148 969 249 1005 tuus
277 962 533 1014 sanguinem
559 974 705 1003 meum
732 965 902 1011 tangat,
935 965 979 1002 et

147 1025 306 1071 tergat:
321 1024 341 1043 ¹*
359 1019 418 1061 Ut
438 1019 536 1060 fons
556 1031 682 1071 aquae
702 1023 790 1060 tuae
811 1016 866 1059 de
887 1030 976 1059 sca-

147 1076 333 1128 turigine
369 1076 477 1117 recti
514 1074 676 1124 cordis,
728 1087 807 1127 per
844 1087 978 1115 venas

147 1134 253 1175 boni
273 1133 437 1186 Operis,
466 1133 509 1173 in
533 1132 665 1173 finem
689 1133 865 1173 aetemae
889 1130 977 1171 feli·

149 1190 292 1232 citatis
312 1189 506 1231 exsiliat?
538 1189 588 1237 Y.
612 1188 710 1229 Filii
729 1188 792 1229 tui
812 1186 867 1229 de
887 1187 977 1228 lon-

147 1260 202 1299 ge
226 1247 418 1296 venient,
451 1251 495 1288 et
519 1245 621 1286 filiae
644 1250 733 1287 tuae
761 1243 816 1286 de
842 1244 978 1285 latere

149 1308 340 1355 surgent.
367 1302 427 1345 Ut
446 1303 555 1344 fons.
586 1301 736 1343 (ildria
750 1300 880 1342 Patri.
908 1300 978 1342 Ut.

373 1403 421 1442 In
441 1401 511 1440 III.
532 1399 755 1439 Nocturno.

205 1472 302 1510 Ant.
356 1466 638 1509 Intenderunt
678 1478 844 1515 arcum,
888 1477 980 1506 rem

151 1528 361 1574 amaram,
394 1529 441 1565 ut
476 1525 685 1574 sagittent
717 1523 760 1563 in
796 1521 980 1563 occultis

152 1581 489 1623 immaculatum.

428 1663 623 1704 Psalmus
644 1663 709 1702 63.

161 1748 169 1784 ·,
186 1747 257 1799 Γ)
268 1733 402 1775 xaudi
424 1733 547 1774 Deus
572 1732 816 1774 orationem
838 1744 982 1773 meam

165 1796 169 1832 ὲ
227 1791 258 1850 ῥ-
289 1803 388 1832 cum
403 1789 635 1842 deprecor:
649 1789 672 1814 *
688 1802 713 1830 a
728 1788 886 1829 timere
905 1787 980 1828 ini-

166 1838 169 1860 ²
284 1847 386 1889 mici
406 1846 525 1899 eripe
545 1846 732 1887 animam
750 1857 904 1886 meam.

204 1904 439 1946 Protexisti
467 1916 537 1944 me
565 1916 590 1944 a
618 1904 837 1944 conventu
862 1901 981 1942 mali-

152 1961 392 2013 gnantium:
411 1961 434 1986 *
454 1973 478 2001 a
498 1958 775 2002 multitudine
800 1960 981 2011 operan-

152 2019 261 2061 tium
279 2017 563 2070 iniquitatem.

206 2075 319 2125 Quia
339 2075 606 2116 exacuerunt
628 2078 677 2114 ut
695 2070 890 2124 gladium
909 2071 983 2112 lin—

153 2145 261 2183 guas
306 2144 423 2172 suas:
455 2132 478 2156 *
511 2129 790 2172 intenderunt
836 2141 985 2170 arcum

154 2202 247 2230 rem
266 2189 472 2238 amaram,
491 2192 539 2228 ut
558 2188 767 2238 sagittent
782 2185 826 2226 in
842 2184 985 2227 occal-

154 2246 211 2288 tis
230 2244 567 2287 immaculatum.

208 2301 365 2344 Subito
390 2299 661 2353 sagittabunt
686 2311 802 2347 eum,
831 2303 874 2339 et
898 2310 985 2338 non

156 2358 390 2400 timebunt:
418 2360 441 2385 *
470 2357 751 2398 firmaverunt
784 2353 866 2396 sibi
899 2366 986 2395 ser-

157 2417 332 2456 menem
350 2426 551 2466 nequam.

210 2471 509 2514 Narraverunt
527 2475 574 2511 ut
592 2467 913 2511 absconderent
927 2467 986 2508 la-

160 2540 313 2613 que33s:
354 2530 376 2555 *
415 2527 633 2570 dixerunt:
674 2524 782 2575 Quis
821 2523 988 2566 videbit

161 2597 253 2626 eos.

1083 263 1279 306 Accedet
1306 264 1439 306 homo
1468 263 1526 306 ad
1552 276 1629 306 cor
1656 263 1806 305 altum:
1833 265 1856 290 *

1031 326 1074 362 et
1093 320 1357 362 exaltabitur
1378 321 1510 362 Deus.

1081 382 1261 432 Sagittae
1287 381 1572 434 parvularum
1604 381 1731 422 factae
1759 384 1860 421 sunt

1031 438 1173 491 plagae
1202 440 1367 480 earum:
1386 438 1410 463 *
1430 443 1473 480 et
1499 438 1729 479 infirmatae
1758 440 1859 478 sunt

1031 500 1183 537 contra
1202 507 1279 536 eos
1298 494 1458 546 linguae
1477 496 1640 536 earum.
1805 496 1807 498 ’

1084 555 1343 598 Conturbati
1362 559 1463 596 sunt
1482 567 1634 596 omnes
1654 553 1729 606 qui
1743 551 1859 595 vide-

1030 612 1136 655 bant
1160 625 1253 654 eos:
1271 613 1295 638 *
1315 617 1359 654 et
1381 611 1525 654 timuit
1548 611 1690 653 omnis
1713 610 1858 651 homo.

1082 674 1137 715 Et
1163 673 1528 714 annuntiaverunt
1554 674 1691 724 dpera
1712 670 1811 720 Dei,
1836 670 1859 695 '⁸‘

1031 735 1074 772 et
1092 730 1208 772 facta
1227 730 1318 781 ejus
1336 729 1653 771 intellexerunt.

1081 791 1325 833 Laetabitur
1350 791 1488 843 justus
1511 790 1555 830 in
1579 788 1788 837 D6mino,
1816 792 1860 829 et

1030 847 1228 901 sperabit
1259 847 1303 887 in
1335 859 1407 897 eo,
1435 847 1459 872 *
1492 851 1536 888 et
1566 844 1860 887 laudabuntur

1031 918 1183 946 omnes
1201 904 1310 946 recti
1329 903 1474 945 corde.

1090 970 1187 1010 Ant.
1236 967 1518 1010 Intenderunt
1558 979 1723 1016 arcum,
1768 978 1861 1007 rem

1031 1027 1240 1075 amaram,
1281 1031 1328 1067 ut
1360 1027 1568 1076 sagittent
1599 1023 1643 1064 in
1676 1021 1861 1064 occultis

1031 1082 1368 1123 immaculatum.

1091 1154 1188 1192 Ant.
1222 1153 1376 1192 Factus
1400 1163 1496 1190 sum
1519 1149 1632 1190 sicut
1654 1148 1788 1189 homo
1808 1146 1861 1187 si-

1031 1221 1084 1249 ne
1104 1206 1332 1260 adjuterio,
1351 1206 1463 1247 inter
1483 1207 1682 1246 mertuos
1699 1203 1821 1245 liber.

1312 1287 1509 1328 psalmus
1529 1287 1592 1326 87.

1119 1359 1263 1400 emine
1289 1359 1411 1400 Deus
1443 1356 1595 1399 salutis
1619 1367 1746 1397 meae:
1769 1356 1793 1382 *
1818 1353 1862 1394 in

1127 1415 1197 1458 die
1218 1415 1414 1465 clamavi,
1434 1419 1478 1456 et
1495 1418 1625 1455 nocte
1645 1424 1794 1454 coram
1806 1415 1862 1453 te.

1084 1478 1224 1519 Intret
1256 1477 1299 1518 in
1338 1476 1580 1529 conspectu
1611 1478 1688 1515 tuo
1721 1471 1861 1514 oratio

1032 1547 1144 1576 mea:
1164 1535 1187 1559 *
1207 1533 1365 1575 inclina
1384 1545 1535 1574 aurem
1552 1536 1673 1572 tuam
1693 1528 1749 1571 ad
1766 1541 1861 1582 pre-

1034 1604 1130 1633 cem
1148 1603 1305 1632 meam:

1086 1652 1197 1703 Quia
1239 1650 1409 1704 repleta
1450 1654 1518 1691 est
1557 1647 1683 1689 malis
1721 1645 1864 1688 anima

1033 1721 1144 1750 mea:
1163 1709 1187 1734 *
1212 1713 1256 1749 et
1278 1707 1368 1748 vita
1392 1718 1490 1748 mea
1513 1705 1681 1746 inferno
1705 1715 1864 1756 appro-

1033 1764 1275 1818 pinquavit.

1086 1825 1349 1867 AEstimatus
1369 1837 1466 1865 sum
1485 1836 1584 1864 cum
1599 1819 1864 1863 descenden-

1034 1883 1151 1925 tibus
1178 1882 1222 1923 in
1245 1881 1402 1922 lacum:
1421 1882 1444 1907 *
1469 1880 1609 1921 factus
1634 1890 1732 1919 sum
1754 1875 1867 1918 sicut

1035 1939 1168 1981 homo
1185 1938 1278 1980 sine
1294 1936 1521 1990 adjut6ri0‚
1539 1935 1652 1977 inter
1666 1935 1866 1975 mertuos

1035 1996 1157 2038 liber.

1088 2057 1208 2098 Sicut
1225 2054 1442 2098 vulnerati
1459 2052 1726 2095 dormientes
1740 2051 1784 2092 in
1802 2062 1867 2092 se-

1036 2112 1250 2166 pi'sschris,
1283 2124 1470 2164 quorum
1500 2122 1589 2152 non
1622 2122 1669 2150 es
1699 2119 1867 2149 memor

1038 2169 1240 2223 amplius:
1260 2170 1285 2194 ¹⁸¹
1307 2173 1350 2210 et
1373 2167 1459 2221 ipsi
1482 2166 1537 2209 de
1556 2179 1687 2207 manu
1708 2169 1783 2206 tua
1802 2175 1865 2205 re-

1037 2226 1155 2280 pulsi
1174 2230 1284 2267 sunt.

1089 2287 1337 2328 Posuerunt
1363 2298 1434 2327 me
1462 2285 1505 2326 in
1531 2283 1630 2325 lacu
1656 2281 1868 2323 inferiori:

1038 2344 1119 2385 *in
1133 2342 1390 2391 tenebrdsis‚
1409 2347 1454 2383 et
1470 2341 1514 2382 in
1533 2339 1689 2382 umbra
1703 2337 1867 2380 mortis.

1090 2406 1230 2458 Super
1254 2417 1324 2445 me
1350 2402 1633 2445 confirmatus
1658 2405 1724 2442 est
1746 2399 1867 2440 furor

1039 2467 1154 2504 tuus:
1171 2462 1195 2487 *
1215 2466 1259 2503 et
1278 2472 1429 2502 omnes
1450 2459 1608 2500 fluctus
1625 2462 1727 2498 tuos
1744 2454 1866 2496 indu-

1039 2518 1142 2560 xisti
1162 2530 1293 2570 super
1309 2529 1391 2557 me.

1015 2618 1017 2623 .
1091 2580 1242 2630 Longe
1271 2577 1411 2619 fecisti
1433 2580 1563 2617 notos
1588 2586 1712 2615 meos
1739 2587 1764 2615 a
1782 2585 1867 2614 me:

213 2640 402 2682 Scrutati
421 2645 521 2681 sunt
544 2640 809 2691 iniquitates:
829 2638 851 2662 *
872 2636 987 2678 defe-
1015 2637 1018 2700 j
1040 2638 1063 2662 ¹⁸¹
1098 2637 1339 2689 posuerunt
1383 2645 1452 2674 me
1498 2630 1868 2673 abominationem

163 2698 315 2739 cerunt
334 2699 578 2738 scrutantes
597 2695 819 2738 scrutinio.

1016 2702 1019 2747 j
1041 2693 1134 2735 sibi.
