2028 2892
730 167 770 199 In
798 166 939 209 vigilia
964 168 1218 202 Pentecostes.

134 260 188 302 de
217 261 404 303 Christo:
437 261 713 303 Advocatum
739 261 947 303 habemus

133 317 189 359 ad
227 318 418 368 Patrem,
454 318 479 359 J
481 331 603 359 esum
637 318 854 360 Christum
890 320 946 370 ju-

133 379 256 415 stum.
301 374 372 415 Sic
411 380 555 416 autem
593 373 800 415 mundum
841 374 948 416 dixit

133 442 218 470 non
241 442 371 482 posse
397 432 595 482 accipere
622 430 828 483 Spiritum
853 444 946 472 san-

133 491 258 536 etum,
279 486 389 528 sieut
408 486 537 528 etiam
555 485 718 528 dictum
737 492 817 528 est:
843 487 946 528 Pru-

132 540 276 583 dentia
297 542 436 584 earnis
454 543 624 588 inimica
645 547 711 584 est
729 543 840 584 Deo:
863 543 947 594 legi

132 598 244 639 enim
279 598 361 640 Dei
395 611 482 640 non
517 603 583 640 est
619 599 830 650 subjecta,
866 612 946 641 nec

131 654 243 695 enim
261 660 424 707 potest:
451 655 568 697 velut
590 656 626 696 si
647 655 857 697 dieamus:
880 657 946 697 In-

130 711 288 762 justitia
333 712 491 762 justitia
531 725 626 753 esse
667 725 754 753 non
790 718 948 765 potest.

130 767 338 809 Mundum
354 768 515 821 quippe
531 769 589 810 ait
601 768 687 810 hoc
703 768 813 818 loeo,
828 783 945 810 mun-

131 822 176 864 di
206 823 450 874 significans
478 823 727 866 dilectores:
759 837 857 876 quae
886 825 945 867 di-

130 879 259 921 lectio
282 893 368 921 non
388 886 455 922 est
477 893 502 921 a
519 881 658 923 Patre.
684 881 740 923 Et
765 880 865 922 ideo
886 881 945 923 di—

129 934 303 977 lectioni
321 935 444 988 hujus
467 936 625 986 mundi,
651 936 705 979 de
730 950 814 989 qua
836 940 944 979 sata-

129 991 267 1041 gimus
291 997 339 1034 ut
360 993 575 1034 minuatur
602 999 645 1035 et
669 996 946 1035 consumatur

128 1047 172 1087 in
186 1047 322 1098 nobis,
343 1049 558 1091 contraria
578 1054 643 1091 est
660 1049 834 1091 dilectio
853 1050 945 1099 Dei,

130 1116 227 1155 quae
242 1103 493 1147 diffunditur
510 1105 552 1145 in
568 1105 772 1147 cordibus
786 1107 945 1148 nostris

128 1172 207 1212 per
233 1161 439 1213 Spiritum
471 1167 681 1211 sanctum,
714 1162 787 1213 qui
819 1161 945 1204 datus

129 1221 195 1257 est
221 1216 357 1258 nobis.

181 1279 230 1330 R.
252 1278 346 1329 Ego
366 1278 531 1329 rogabo
549 1279 733 1328 Patrem,
753 1283 797 1320 et
814 1279 944 1320 alium

126 1332 386 1375 Paraclitum
413 1334 533 1376 dabit
560 1334 695 1384 vobis,
728 1341 749 1362 *
772 1336 831 1378 Ut
856 1338 942 1376 ma-

128 1395 227 1430 neat
251 1389 476 1431 vobiscum
500 1391 541 1430 in
569 1392 788 1440 aeternum,
813 1392 942 1444 Spiri-

126 1449 218 1485 tum
241 1446 449 1495 veritatis,
478 1445 656 1497 alleluja.
686 1445 734 1495 V.
761 1447 803 1488 Si
831 1447 944 1488 enim

126 1513 213 1542 non
239 1501 402 1551 abiero,
426 1501 665 1543 Paraclitus
690 1515 777 1543 non
802 1503 944 1545 veniet

128 1555 183 1597 ad
210 1570 306 1598 vos:
341 1557 376 1598 si
404 1563 548 1599 autem
580 1557 745 1608 abiero,
777 1559 943 1601 mittam

128 1624 226 1653 eum
243 1612 299 1654 ad
316 1627 406 1655 vos.
433 1613 492 1656 Ut
526 1616 708 1656 maneat.

414 1680 562 1721 Lectio
583 1682 662 1721 viii.

129 1729 371 1835 Mundus
390 1745 494 1784 ergo
519 1746 617 1775 eum
639 1737 837 1787 accipere
855 1749 942 1777 non

252 1794 414 1840 potest,
447 1789 547 1841 quia
573 1803 660 1831 non
688 1790 806 1833 videt
834 1804 942 1841 eum,

126 1856 265 1896 neque
291 1845 371 1886 scit
398 1857 506 1886 eum.
544 1846 646 1887 Non
673 1847 786 1887 enim
811 1847 943 1890 habet

125 1900 359 1942 invisibiles
395 1901 546 1942 oculos
582 1901 798 1944 mundana
839 1902 940 1945 dile-

127 1956 224 2004 ctio,
249 1969 327 2008 per
351 1969 461 2008 quos
485 1956 622 1998 videri
641 1957 825 2010 Spiritus
847 1972 939 2000 san-

127 2016 220 2052 ctus
245 2017 406 2064 potest,
433 2013 505 2064 qui
533 2012 669 2054 videri
693 2014 775 2054 nisi
800 2014 939 2055 invisi-

125 2067 269 2109 biliter
290 2081 378 2108 non
401 2074 557 2121 potest.
585 2068 679 2110 Vos
702 2075 856 2118 autem,
881 2071 939 2110 in-

127 2123 232 2174 quit,
257 2124 528 2174 cognoscetis
553 2137 667 2165 eum:
696 2125 795 2176 quia
823 2125 939 2178 apud

125 2191 204 2220 vos
227 2178 429 2228 manebit,
453 2184 497 2220 et
515 2180 559 2220 in
576 2179 701 2222 vobis
724 2181 814 2222 erit.
848 2181 941 2223 Erit

125 2235 167 2274 in
203 2235 280 2284 eis,
317 2240 363 2276 ut
395 2237 582 2286 maneat3
619 2249 706 2277 non
741 2236 940 2286 manebit,

124 2296 172 2332 ut
195 2291 264 2332 sit:
290 2291 409 2343 prius
432 2295 498 2332 est
519 2291 632 2332 enim
656 2304 750 2333 esse
773 2292 940 2342 alicubi,

127 2359 256 2398 quam
289 2349 472 2388 manere.
529 2346 615 2388 Sed
650 2361 703 2389 ne
738 2350 941 2400 putarent

127 2401 245 2453 quod
264 2401 426 2444 dictum
447 2407 527 2452 est,
550 2402 682 2455 Apud
700 2417 780 2445 vos
799 2406 939 2445 mane-

124 2457 203 2507 bit;
246 2458 307 2499 ita
349 2457 530 2508 dictum,
574 2459 939 2510 quemadmodum

126 2513 242 2565 apud
272 2514 490 2555 hdminem
525 2514 686 2567 hospes
716 2515 941 2557 visibiliter

125 2571 297 2611 manere
329 2571 571 2618 consuevit,
602 2571 804 2623 exposuit
836 2569 941 2621 quid

1001 261 1176 311 dixerit,
1210 261 1344 315 Apud
1375 275 1455 303 vos
1482 261 1691 310 manebit,
1722 274 1820 303 cum

1000 317 1192 370 adjunxit
1212 323 1254 360 et
1274 318 1396 368 dixit,
1415 319 1465 359 In
1484 318 1609 359 vobis
1629 318 1720 359 erit.

1054 383 1103 433 R.
1127 379 1171 420 Si
1196 379 1311 420 enim
1336 391 1423 420 non
1448 378 1613 427 abiero,
1632 378 1817 419 Paraeli-

998 440 1069 476 tus
1100 447 1187 476 non
1219 436 1363 476 veniet
1396 434 1451 476 ad
1479 447 1574 476 vos:
1608 434 1643 474 si
1675 440 1819 475 autem

999 491 1159 541 abiero,
1178 491 1346 533 mittam
1366 504 1464 532 eum
1483 490 1539 532 ad
1558 503 1648 532 vos.
1668 498 1690 519 *
1711 490 1819 531 Cum

999 553 1143 589 autem
1169 548 1334 589 venerit
1359 547 1442 596 ille,
1469 546 1643 589 docebit
1668 559 1748 588 vos
1774 559 1817 587 o-

998 616 1142 645 mnem
1167 604 1410 653 veritatem,
1437 603 1615 654 alleluja.
1645 601 1694 653 V.
1717 602 1817 643 Non

1000 660 1112 701 enim
1146 659 1349 711 loquetur
1386 673 1410 701 a
1447 661 1699 711 semetipso:
1741 658 1818 699 sed

1000 719 1285 768 quaecumque
1320 715 1483 765 audiet,
1519 715 1740 766 loquetur:
1776 720 1819 756 et

1000 785 1098 824 quae
1116 775 1299 813 ventura
1318 778 1431 821 sunt,
1456 770 1726 812 annuntiabit
1744 783 1816 811 vo-

998 828 1076 870 bis.
1118 829 1236 870 Cum.
1280 828 1428 870 Gloria
1446 828 1575 869 Patri.
1616 827 1735 868 Cum.

1295 891 1444 932 Lectio
1465 892 1517 931 ix.

1100 957 1156 996 go
1188 944 1459 986 invisibiliter
1491 943 1671 986 videtur.
1713 944 1817 994 Nee,

1101 1001 1138 1042 si
1156 1014 1243 1042 non
1262 1001 1317 1042 sit
1334 1001 1377 1041 in
1396 1000 1534 1050 nobis,
1553 1005 1702 1053 potest
1721 1013 1816 1041 esse

998 1058 1041 1098 in
1068 1057 1194 1099 nobis
1222 1058 1312 1108 ejus
1341 1057 1535 1099 scientia:
1563 1057 1624 1097 sie
1651 1057 1764 1097 enim
1792 1071 1817 1098 a
1848 1092 1855 1099 .

996 1113 1123 1155 nobis
1155 1113 1326 1155 videtur
1362 1114 1405 1154 in
1436 1113 1562 1154 nobis
1595 1118 1637 1154 et
1668 1118 1818 1154 nostra

998 1170 1271 1211 conscientia.
1304 1169 1417 1210 Nam
1442 1169 1595 1210 faeiem
1621 1168 1817 1210 videmus

997 1226 1185 1275 alterius,
1212 1231 1405 1267 nostram
1429 1224 1577 1266 videre
1603 1238 1690 1266 non
1717 1227 1815 1277 pos-

997 1295 1159 1323 sumus:
1180 1282 1485 1323 conscientiam
1500 1294 1604 1322 vero
1624 1286 1817 1322 nostram

997 1338 1204 1387 videmus,
1215 1338 1390 1379 alterius
1404 1350 1490 1378 non
1504 1336 1711 1378 videmus.
1730 1337 1817 1379 Sed

998 1394 1261 1435 conscientia
1292 1406 1527 1445 numquam
1559 1397 1625 1434 est
1656 1393 1737 1433 nisi
1772 1393 1815 1433 in

996 1449 1138 1491 nobis:
1157 1450 1342 1502 Spiritus
1362 1454 1506 1491 autem
1526 1454 1698 1490 sanctus
1718 1454 1813 1501 pot-

998 1511 1064 1547 est
1092 1518 1187 1547 esse
1215 1506 1343 1547 etiam
1371 1505 1461 1546 sine
1489 1504 1626 1546 nobis.
1676 1505 1815 1546 Datur

997 1561 1158 1614 quippe
1184 1566 1232 1603 ut
1258 1562 1313 1602 sit
1339 1566 1383 1602 et
1410 1560 1453 1600 in
1480 1560 1623 1602 nobis:
1652 1560 1730 1602 sed
1754 1561 1813 1602 vi-

995 1616 1146 1659 deri'et
1160 1617 1270 1666 sciri,
1286 1615 1654 1669 quemadmodum
1667 1616 1812 1658 viden-

995 1673 1076 1715 dus
1105 1678 1149 1715 et
1173 1672 1373 1715 sciendus
1400 1678 1479 1722 est,
1505 1685 1592 1714 non
1617 1678 1764 1725 potest
1790 1687 1814 1714 a

994 1729 1130 1779 nobis,
1146 1730 1181 1770 si
1195 1742 1282 1770 non
1298 1730 1352 1770 sit
1366 1730 1409 1769 in
1424 1728 1561 1770 nobis.
1592 1729 1700 1770 Post
1714 1742 1811 1782 pro-

993 1786 1244 1827 missionem
1263 1785 1447 1838 Spiritus
1467 1785 1615 1834 sancti,
1629 1797 1683 1826 ne
1699 1786 1811 1837 quis-

995 1855 1124 1894 quam
1148 1845 1339 1895 putaret,
1367 1841 1487 1893 quod
1514 1841 1573 1882 ita
1602 1854 1700 1882 eum
1725 1842 1811 1883 Do-

992 1899 1132 1940 minus
1156 1898 1336 1940 daturus
1359 1898 1487 1939 fuerit
1506 1897 1624 1939 velut
1647 1910 1728 1950 pro
1749 1910 1810 1939 se-

993 1958 1104 2008 ipso,
1128 1961 1175 1997 ut
1196 1968 1285 1996 non
1308 1960 1352 1996 et
1374 1955 1469 2007 ipse
1493 1967 1591 1996 cum
1614 1954 1676 1996 eis
1695 1960 1811 1996 esset

992 2011 1176 2061 futurus,
1195 2011 1352 2063 adjecit
1375 2016 1505 2062 atque
1526 2011 1601 2052 ait:
1627 2010 1728 2051 Non
1747 2023 1809 2051 re-

991 2067 1183 2119 linquam
1206 2080 1285 2109 vos
1309 2067 1543 2120 orphanos,
1567 2067 1735 2108 veniam
1755 2066 1810 2107 ad

992 2136 1082 2164 vos.
1109 2124 1314 2173 Quamvis
1339 2136 1442 2173 ergo
1468 2136 1548 2164 nos
1571 2122 1704 2163 Filius
1728 2122 1810 2163 Dei

993 2191 1071 2220 suo
1108 2180 1227 2221 Patri
1271 2179 1546 2232 adoptaverit
1590 2178 1720 2227 filios,
1766 2183 1809 2219 et

993 2235 1194 2277 eumdem
1218 2236 1391 2277 Patrem
1417 2248 1497 2276 nos
1525 2234 1710 2275 voluerit
1736 2233 1807 2275 ha-

992 2290 1095 2333 bere
1122 2304 1202 2344 per
1228 2292 1426 2341 gratiam,
1459 2290 1531 2342 qui
1564 2291 1653 2342 ejus
1680 2290 1809 2331 Pater

994 2352 1060 2388 est
1078 2360 1156 2399 per
1175 2350 1388 2389 naturam:
1407 2351 1550 2387 tamen
1570 2346 1698 2387 etiam
1714 2346 1808 2399 ipse

993 2402 1107 2444 circa
1129 2415 1210 2444 nos
1234 2405 1461 2455 paternum
1484 2401 1684 2443 affectum
1703 2414 1806 2453 quo-

993 2457 1228 2500 dammodo
1254 2457 1536 2506 demonstrat,
1565 2471 1662 2499 cum
1689 2457 1807 2500 dicit:

991 2514 1091 2556 Non
1111 2515 1349 2565 relinquam
1368 2525 1447 2554 vos
1468 2513 1698 2566 Orphanos

997 2595 999 2598 <
1042 2572 1105 2612 Te
1123 2571 1265 2611 Deum
1283 2568 1518 2611 laudamus.
1538 2571 1596 2611 15.

715 2661 1223 2706 -θὲᾳῇἕὲῶ-
