2066 2956
209 189 275 224 22*

557 191 625 224 Die
649 190 678 223 7.
704 190 860 233 Aprilis.
908 191 941 223 S.
968 190 1167 223 Coelcstini
1196 190 1218 223 I.
1246 190 1363 233 l'apzc
1388 195 1423 224 et
1448 191 1555 225 Conf.

213 282 259 333 Ψ.
295 283 622 336 Descenditque
658 297 756 326 cum
789 284 863 326 illo
898 285 942 325 in
974 285 1033 327 fo-

210 353 350 390 veam,
370 345 413 382 et
433 340 476 380 in
495 340 678 382 vinculis
696 352 784 381 non
803 340 1035 393 dereliquit

209 409 318 438 eum.
358 396 415 438 Et
435 395 556 439 dedit
574 397 646 438 illi.

517 463 665 503 Lectio
687 478 722 502 v.

207 518 479 625 Nonnulla
512 523 568 565 ad
597 523 870 577 disciplinam
899 524 1032 566 eccle-

325 580 545 622 siasticam
564 581 827 633 pertinentia
846 580 1032 633 pruden-

207 637 372 678 tissime
406 637 575 687 statuit,
608 637 791 687 scilicet,
822 650 877 679 ne
909 650 1033 679 sacra

206 706 311 734 vasa
338 698 380 734 et
405 694 644 735 ministeria
670 694 724 735 ab
751 693 846 735 aliis
872 694 946 746 qui
967 707 1031 735 sa-

207 750 269 791 cri
288 749 473 791 ministri
491 763 580 792 non
600 756 762 801 essent,
789 755 1030 792 contrecta-

206 807 370 856 rentur3
410 819 462 848 ne
496 820 669 849 sacrum
701 807 948 860 corporale,
982 812 1030 849 ut

206 867 374 912 vocant,
395 876 448 904 ex
468 863 551 905 alia
572 877 701 917 quam
719 864 833 905 linea
849 864 1030 905 materia

205 919 343 970 fieret3
368 924 415 961 ut
435 933 606 962 sacrum
624 921 850 972 trisagium
868 921 912 961 in
930 921 1029 962 Mis-

206 988 254 1016 sa
273 976 463 1028 pupulus
484 976 754 1028 decantaret;
780 983 824 1020 et
842 991 897 1019 ne
916 977 1030 1019 ullus

206 1034 440 1085 episcopus
475 1034 664 1075 Romam
702 1036 928 1084 evocatus,
973 1034 1029 1076 ad

205 1102 328 1130 suam
377 1088 535 1132 deinde
584 1090 809 1133 dioecesim
855 1090 1028 1133 rediens

204 1146 513 1198 susciperetur,
539 1147 623 1188 nisi
642 1148 800 1190 litteris
820 1148 1027 1202 aposteli-

204 1202 283 1251 cis,
327 1216 435 1255 quas
472 1203 682 1245 formatas
719 1210 763 1246 et
794 1206 1028 1247 canonicas

203 1259 369 1310 antiqui
388 1259 621 1310 vocabant,
639 1264 830 1302 munitus
851 1267 976 1303 esset.

253 1319 302 1369 R.
335 1319 611 1362 Desiderium
645 1323 800 1363 animae
833 1323 924 1374 ejus
955 1323 1027 1364 tri-

202 1374 334 1417 buisti
363 1377 402 1418 ei
429 1377 631 1429 Domine,
660 1375 681 1398 *
719 1379 776 1421 Et
802 1379 1027 1421 voluntate

202 1431 415 1474 labiorum
442 1434 532 1486 ejus
560 1447 647 1476 non
679 1434 890 1477 fraudasti
918 1448 1027 1477 eum.

200 1483 247 1531 V·
271 1489 486 1539 Quoniam
504 1492 757 1544 praevenisti
774 1505 874 1533 eum
891 1493 935 1533 in
953 1493 1025 1535 be-

201 1545 519 1589 nedictienibus
548 1546 807 1590 dulcedinis:
838 1550 1026 1602 posuisti

200 1601 243 1642 in
271 1603 414 1655 capite
443 1605 533 1656 ejus
561 1607 769 1647 coronam
796 1604 851 1647 de
878 1605 1025 1659 lapide

200 1659 407 1710 pretioso.
434 1660 501 1702 Et.

497 1721 646 1763 Lectio
667 1723 718 1762 vi.

280 1797 350 1826 res
369 1785 664 1828 ordinationes
679 1800 828 1830 mense
843 1788 1024 1830 Decem-

299 1841 366 1883 bri
393 1855 474 1895 pro
502 1856 624 1885 more
649 1843 767 1894 fecit,
795 1844 838 1885 in
868 1845 1024 1898 quibus

201 1899 365 1940 creavit
388 1901 624 1952 episcopos
649 1902 836 1952 quatuor
859 1914 942 1955 pro
962 1902 1023 1944 di·

199 1954 335 1995 versis
355 1954 480 2006 locis,
506 1955 790 2008 presbyteros
810 1958 1023 2009 undecim,

200 2009 408 2052 diaconos
422 2017 522 2054 tres.
546 2012 626 2054 Vir
644 2015 797 2055 revera
817 2014 1023 2066 singulari

200 2066 301 2108 vitae
329 2068 631 2119 sanctimonia,
663 2069 904 2112 incredibili
932 2084 1022 2113 mo-

198 2134 293 2163 rum
312 2123 535 2175 facilitate,
565 2126 722 2167 eximia
741 2126 785 2167 in
803 2131 1021 2180 pauperes

198 2177 468 2231 liberalitate,
490 2181 791 2234 frequentibus
811 2184 941 2225 etiam
960 2185 1019 2225 in-

199 2236 331 2285 signis
367 2237 605 2288 miraculis,
650 2238 807 2281 illustri
842 2240 1019 2283 tandem

198 2293 405 2343 martyrio
438 2298 692 2346 coronatus,
724 2299 882 2339 octavo
915 2298 1020 2340 Idus

198 2347 373 2399 Aprilis,
394 2355 438 2392 et
457 2352 655 2404 sepultus
675 2353 718 2394 in
736 2354 964 2396 Vaticano.

247 2405 294 2457 R.
324 2404 446 2448 Stola
464 2408 756 2459 jucunditatis.

246 2468 285 2502 In
316 2469 378 2503 III.
404 2470 600 2505 Nocturno
632 2472 770 2507 Homil.
800 2474 839 2507 in
867 2475 1013 2518 Evang.

193 2515 238 2551 Si
260 2517 346 2561 quis
363 2520 477 2555 venit.
491 2519 537 2553 dc
559 2520 693 2555 eodem
708 2522 851 2556 Comm.
871 2524 898 2557 1.
916 2523 1012 2558 loco.

192 2561 323 2607 Temp.
347 2564 481 2599 Pasch.
511 2567 596 2612 Ego
627 2580 711 2604 sum
732 2571 835 2606 vitis.
865 2571 890 2604 1.
916 2571 1012 2606 loco.

242 2615 285 2649 In
311 2616 498 2662 Quadrag.
529 2619 659 2654 Lectio
686 2621 733 2655 ix.
766 2622 812 2656 dc
843 2623 1012 2658 Homilia

193 2668 229 2697 ct
252 2674 445 2699 commem.
471 2666 593 2701 Fcrizc
617 2668 654 2702 in
680 2669 797 2704 Laud.

1332 286 1417 328 Die
1435 287 1471 328 7.
1490 286 1669 340 Aprilis.

1141 354 1183 395 S.
1200 354 1456 396 Goelestini
1473 355 1509 397 1.
1522 356 1654 408 Papae
1676 363 1719 399 et
1738 356 1859 397 Conf.

1413 420 1578 464 Duplex.

1138 476 1273 511 Omnia
1299 477 1345 512 de
1369 478 1513 513 Comm.
1537 477 1646 513 Conf.
1669 478 1790 522 Pont.,
1814 489 1910 523 prae-

1084 529 1142 558 tcr
1165 526 1375 569 sequentia.

1137 573 1280 609 Oratio.
1306 574 1376 618 Da,
1401 574 1634 619 quaesumus,

1135 622 1196 656 Fit
1222 632 1417 657 commem.
1441 624 1566 658 Feriae
1591 623 1630 657 in
1653 622 1845 666 Quadrag.

1135 670 1178 704 In
1202 671 1228 705 I.
1253 671 1287 705 N
1292 676 1363 705 oct.
1391 671 1435 705 In
1460 672 1650 714 Quadi-ag.
1675 671 1777 706 Lect.
1800 671 1911 707 Fide-

1086 719 1135 753 lis
1159 729 1297 755 sermo.
1316 719 1363 753 de
1389 720 1525 755 eodem
1550 720 1694 754 Comm.
1720 720 1749 754 1.
1772 719 1871 754 loco.

1134 765 1228 800 Post
1251 766 1402 801 Pascha
1427 768 1474 803 de
1499 768 1634 812 Script.
1661 778 1805 803 occurr.

1311 835 1361 874 In
1382 836 1433 875 II.
1454 836 1683 876 Nocturno.

1384 900 1536 941 Lectio
1557 900 1611 941 iv.

1095 971 1112 990 ν
1132 963 1434 1004 ÷÷s÷oelestinus
1453 963 1677 1004 Romanus
1700 962 1841 1005 Prisci
1864 963 1910 1004 fi-

1092 1032 1093 1037 ,
1127 991 1198 1060 ’Ἴ
1222 1014 1327 1070 Ιίιιεζ
1366 1024 1518 1062 sancto
1554 1019 1783 1062 Bonifacio
1819 1019 1912 1063 sine

1125 1061 1179 1077 ‘Q‘
1197 1067 1198 1077 l

1093 1044 1198 1100 &A
1220 1076 1309 1117 ulla
1341 1076 1483 1129 plebis
1521 1075 1781 1119 discissione
1813 1076 1912 1118 sub-

1084 1135 1275 1184 rogatus,
1293 1133 1506 1175 Romanae
1521 1133 1733 1175 Ecclesiae
1750 1134 1911 1187 praese-

1084 1188 1147 1231 dit
1162 1192 1407 1243 episcopus.
1427 1190 1513 1231 Hic
1527 1189 1790 1232 venerabilis
1799 1190 1911 1232 Pen-

1082 1246 1189 1288 tifex
1227 1247 1311 1298 (cui
1348 1246 1405 1288 ad
1435 1246 1647 1288 Ecclesiae
1681 1246 1911 1288 catholicae

1081 1303 1352 1355 praesidium,
1369 1302 1507 1345 multa
1523 1303 1738 1344 Deminus
1757 1303 1910 1354 gratiae

1081 1373 1172 1401 suae
1193 1360 1309 1402 dona
1327 1360 1509 1411 largitus
1529 1361 1626 1412 est),
1653 1360 1810 1411 sciens,
1837 1359 1909 1402 da-

1081 1417 1239 1458 mnatis
1259 1430 1348 1458 non
1368 1419 1552 1459 examen
1569 1416 1725 1468 judicii,
1745 1415 1824 1458 sed
1841 1430 1908 1459 so-

1080 1473 1171 1514 lum
1214 1473 1486 1526 poenitentiae
1531 1472 1772 1515 remedium
1792 1491 1794 1493 ’
1812 1486 1908 1515 esse

1079 1530 1396 1583 praestandum,
1444 1530 1715 1581 Coelestium,
1750 1530 1908 1583 prima-

1079 1587 1191 1628 rium
1235 1587 1402 1639 Pelagii
1446 1587 1723 1640 discipulum,
1769 1600 1908 1638 suam,

1081 1644 1205 1695 quasi
1240 1656 1329 1686 non
1362 1644 1561 1687 discusso
1597 1644 1793 1695 negotio,
1834 1656 1906 1686 au-

1080 1699 1288 1742 dientiam
1315 1701 1630 1754 postulantem,
1657 1703 1794 1743 totius
1820 1702 1905 1743 Ita-

1078 1756 1148 1798 liae
1174 1757 1333 1799 finibus
1358 1758 1482 1809 jussit
1506 1756 1692 1800 extrudi.
1727 1757 1823 1800 Nec
1841 1771 1905 1800 se-

1077 1814 1229 1864 gniore
1254 1827 1357 1855 cura
1381 1814 1436 1856 ab
1460 1814 1546 1856 hoc
1569 1814 1726 1856 eedem
1747 1814 1904 1857 morbo

1077 1870 1325 1912 Britannias
1344 1871 1562 1921 liberavit,
1581 1870 1756 1924 quando
1778 1884 1905 1924 quos-

1077 1926 1179 1968 dam
1206 1927 1404 1970 inimicos
1431 1928 1603 1979 gratiae,
1635 1927 1779 1970 solum
1811 1941 1903 1970 suae

1078 1984 1257 2035 originis
1279 1987 1563 2037 occupantes,
1592 1984 1723 2026 etiam
1747 1984 1802 2026 ab
1827 1984 1903 2026 illo

1077 2042 1247 2082 secreto
1284 2041 1470 2083 exclusit
1507 2042 1683 2083 Oceani.
1746 2042 1902 2092 Quam-

1076 2096 1229 2138 ebrem
1259 2103 1413 2140 sancto
1441 2098 1663 2140 Germano
1689 2098 1901 2140 Antissio-

1077 2152 1252 2195 dorensi
1293 2156 1505 2207 episcopo
1547 2154 1650 2196 illuc
1686 2154 1781 2196 vice
1823 2168 1903 2196 sua

1074 2210 1209 2251 misso
1243 2210 1533 2264 ordinatoque
1560 2211 1705 2253 Scotis
1733 2213 1900 2264 episco-

1074 2279 1133 2319 po
1161 2266 1377 2317 Palladio,
1412 2268 1486 2320 qui
1511 2268 1725 2310 Romanae
1751 2268 1900 2310 Eccle-

1073 2323 1150 2364 siae
1170 2322 1382 2366 diaconus
1403 2329 1511 2375 erat,
1531 2325 1635 2366 dum
1654 2325 1900 2367 Romanam

1073 2380 1258 2421 insulam
1299 2380 1466 2423 studuit
1506 2384 1684 2423 servare
1721 2381 1899 2424 catheli-

1073 2448 1186 2484 cam,
1224 2436 1325 2478 fecit
1361 2438 1491 2479 etiam
1523 2437 1769 2479 barbaram·
1789 2436 1898 2479 chri-

1072 2492 1268 2534 stianam.

1121 2550 1170 2599 R.
1199 2550 1352 2591 Inveni
1374 2549 1520 2592 David
1544 2563 1719 2593 servum
1741 2563 1897 2602 meum,

1072 2604 1170 2646 eleo
1216 2611 1370 2648 sancto
1415 2619 1514 2648 meo
1560 2607 1663 2648 unxi
1709 2620 1830 2649 eum:
1870 2609 1895 2635 *

1071 2661 1225 2703 Manus
1261 2664 1375 2703 enim
1405 2676 1503 2704 mea
1539 2663 1816 2706 auxiliabitur
1848 2664 1897 2706 ei.

1068 2716 1118 2764 V.
1151 2718 1271 2759 Nihil
1303 2719 1504 2771 proficiet
1535 2720 1734 2761 inimicus
1759 2720 1803 2761 in
1831 2732 1896 2771 eo,
