2066 2956
677 178 833 222 Septem
856 179 1001 213 Psalmi
1024 179 1326 214 Poenitentiales.

210 279 432 322 Turbatus
474 283 541 320 est
581 291 607 320 a
646 278 791 320 furere
833 277 984 320 66111115

158 349 297 378 meus:
336 336 359 362 *
399 335 639 377 inveteravi
679 335 792 376 inter
833 347 984 376 omnes

158 393 357 434 inimicos
375 404 508 433 meos.

210 448 434 490 Discedite
459 461 485 489 a
507 460 578 489 me
599 459 764 497 omnes,
790 447 865 498 qui
884 459 984 499 ope-

158 505 314 546 ramini
335 504 623 557 iniquitatem:
642 506 664 531 *
686 503 892 556 queniam
915 516 984 544 ex-

159 561 326 603 audivit
338 561 553 602 Deminus
568 573 724 602 vocem
743 560 871 602 fletus
889 560 985 601 mei.

212 617 448 659 Exaudivit
474 617 687 659 Deminus
717 615 985 669 deprecatie-

158 687 259 716 nem
282 687 439 723 meam,
460 675 483 701 *
501 674 715 715 Deminus
742 673 986 715 orationem

159 743 301 772 meam
321 730 524 783 suscepit.

211 787 497 837 Erubescant,
521 792 564 828 et
583 787 897 837 conturbentur
914 799 984 827 ve-

159 844 383 886 hementer
399 857 550 885 omnes
564 844 725 885 inimici
739 844 838 885 mei:
848 844 871 869 *
885 856 984 885 con-

160 903 384 943 vertantur
413 906 455 942 et
484 900 744 942 erubescant
766 900 895 942 valde
915 912 984 941 ve-

158 958 322 999 1661161.

213 1022 363 1064 Gleria
380 1022 511 1064 Patri.

425 1110 622 1151 Psalmus
642 1112 701 1151 31.

152 1175 329 1281 Beati
353 1200 537 1240 quorum
565 1190 761 1229 1611115536
787 1192 887 1230 511111
909 1188 983 1229 1111-

263 1244 467 1296 quitates:
498 1244 521 1270 *
555 1249 599 1286 et
640 1257 825 1296 quorum
865 1249 985 1286 tecta

159 1305 259 1342 sunt
277 1303 470 1353 peccata.

209 1357 375 1398 Beatus
408 1356 489 1406 vir,
527 1356 596 1398 cui
630 1370 718 1398 non
752 1357 985 1410 imputavit

159 1414 373 1454 Deminus
405 1415 651 1466 peccatum,
678 1414 701 1439 *
729 1426 810 1455 nec
843 1419 910 1455 est
940 1414 984 1455 in

160 1470 315 1522 spiritu
335 1470 424 1522 ejus
445 1469 583 1511 dolus.

211 1526 428 1576 Quoniam
462 1526 597 1576 tacui,
633 1526 985 1568 inveteraverunt

160 1595 261 1624 ossa
271 1595 379 1632 mea,
390 1583 413 1608 *
425 1582 529 1624 dum
545 1582 779 1624 clamarem
793 1588 888 1625 tota
903 1583 984 1625 die.

210 1639 426 1689 Queniam
459 1638 529 1681 die
562 1652 622 1690 36,
644 1644 774 1681 110616
803 1642 984 1691 gravata

158 1700 225 1737 est
243 1708 376 1748 super
393 1708 463 1737 me
482 1709 635 1737 manus
653 1701 743 1737 tua:
762 1697 785 1722 *
805 1698 982 1738 conver-

158 1765 232 1793 sus
251 1765 348 1793 sum
365 1752 410 1792 in
428 1755 623 1794 aerumna
637 1765 744 1803 mea,
765 1753 867 1795 dum
884 1766 983 1795 con-

158 1808 304 1859 figitur
323 1808 460 1861 spina.

209 1864 432 1906 Delictum
465 1879 612 1908 meum
648 1866 871 1917 cegnitum
903 1865 984 1909 tibi

157 1921 258 1963 feci:
293 1923 318 1948 *
353 1926 397 1963 et
432 1922 683 1975 injustitiam
717 1935 861 1964 meam
895 1935 984 1964 non

159 1976 381 2019 abscendi.

209 2033 326 2074 Dixi:
361 2034 616 2076 Confitebor
648 2034 881 2077 adversum
913 2048 984 2078 me

158 2089 410 2141 injustitiam
431 2103 574 2132 meam
598 2091 802 2132 Demino:
820 2091 845 2117 *
870 2096 914 2133 61
936 2096 984 2133 111

157 2146 362 2187 remisisti
380 2146 650 2199 impietatem
669 2147 841 2200 peccati
858 2148 954 2189 mei.

209 2202 296 2243 Pro
321 2202 403 2244 hac
427 2202 570 2244 orabit
589 2203 646 2244 ad
665 2209 709 2245 te
729 2203 869 2245 omnis
889 2217 982 2245 san-

159 2263 266 2308 ctus,
285 2259 309 2284 *
328 2258 371 2299 in
389 2260 589 2311 tempore
609 2263 871 2312 opportuno.

210 2315 523 2356 Verumtamen
536 2315 579 2356 in
595 2315 759 2358 diluvio
771 2318 984 2368 aquarum

158 2370 407 2421 multarum,
426 2373 450 2399 *
469 2371 525 2413 ad
551 2385 650 2414 eum
675 2386 762 2414 non
782 2373 983 2426 approxi-

157 2426 348 2469 mabunt.

208 2483 278 2524 Tu
305 2496 352 2525 es
383 2484 598 2535 refugium
625 2497 770 2526 meum
798 2498 823 2526 a
850 2485 982 2527 tribu-

157 2538 329 2590 lati6ne,
349 2553 447 2592 quae
463 2540 748 2584 circumdedit
766 2554 850 2583 me:
868 2543 892 2568 *
912 2554 982 2583 ex-

159 2594 335 2692 sultatio
352 2610 450 2639 mea
470 2599 572 2639 erue
590 2611 660 2639 me
677 2611 702 2639 a
717 2597 981 2639 circumdan-

157 2651 191 2692 ti
222 2664 274 2692 us
292 2665 373 2694 me.

210 2707 483 2751 Intellectum
505 2709 583 2751 tibi
607 2708 738 2759 dabo,
766 2714 810 2750 et
827 2711 989 2751 instru-·

1037 289 1108 317 am
1134 281 1178 318 te
1205 276 1249 317 in
1275 277 1345 318 via
1369 276 1464 327 hac,
1494 289 1579 328 qua
1598 276 1823 328 gradieris:
1841 278 1865 305 *

1037 332 1222 374 firmabo
1244 346 1375 385 super
1394 340 1438 374 te
1457 333 1609 374 eculos
1627 346 1760 375 meos.

1087 389 1236 430 Nolite
1255 389 1350 430 fieri
1368 389 1480 431 sicut
1497 402 1636 442 equus
1651 394 1695 431 et
1710 390 1864 440 mulus,

1037 447 1060 472 *
1082 445 1238 497 quibus
1256 458 1344 487 non
1364 451 1430 487 est
1448 445 1705 488 intellectus.

1088 503 1139 542 In
1173 515 1298 543 camo
1333 507 1375 543 et
1404 502 1540 543 fraeno
1568 502 1766 543 maxillas
1795 505 1864 544 6ό-

1037 572 1133 599 111111
1162 561 1425 610 constringe,
1443 560 1466 584 *

1037 616 1203 657 ximant
1222 614 1278 656 ad
1296 620 1350 656 te.

1089 671 1226 713 Multa
1250 671 1422 723 flagella
1446 672 1707 724 peccatoris,
1727 674 1751 700 *
1770 686 1865 737 spe-

1038 731 1206 770 rantem
1238 734 1383 770 autem
1415 729 1458 769 in
1485 729 1675 770 Demino
1703 729 1865 771 miseri·

1038 785 1188 827 cerdia
1208 784 1507 827 circumdabit.

1089 842 1317 883 Laetamini
1353 842 1396 882 in
1423 841 1614 883 Demino
1650 848 1692 884 et
1726 842 1865 884 exsul-

1037 900 1127 940 tate
1160 899 1276 950 justi,
1302 899 1325 923 *
1359 904 1402 940 et
1436 898 1681 949 gloriamini
1713 912 1864 940 omnes

1037 955 1145 996 recti
1164 953 1309 996 corde.

1093 1011 1244 1052 Gleria
1262 1011 1392 1052 Patri.

1304 1074 1502 1115 Psalmus
1522 1075 1584 1114 37.

1126 1129 1268 1170 emine
1292 1129 1355 1170 ne*
1368 1129 1411 1169 in
1435 1129 1580 1170 furere
1604 1134 1680 1171 tuo
1706 1132 1863 1181 arguas

1143 1199 1229 1236 me,
1254 1187 1277 1213 *
1301 1198 1442 1237 neque
1471 1186 1514 1226 in
1541 1186 1604 1228 ira
1631 1191 1706 1228 tua
1734 1189 1863 1228 corri-

1036 1243 1133 1296 pias
1151 1255 1232 1284 me.

1089 1299 1304 1350 Queniam
1319 1301 1489 1350 sagittae
1504 1305 1592 1341 tuae
1606 1299 1751 1340 infixae
1764 1305 1864 1341 sunt

1036 1355 1157 1397 mihi:
1190 1358 1213 1381 *
1247 1361 1290 1397 et
1327 1356 1594 1397 confirmasti
1628 1369 1760 1408 super
1794 1369 1863 1398 me

1037 1425 1212 1454 manum
1229 1417 1360 1454 tuam.

1087 1469 1189 1510 Non
1217 1474 1283 1510 est
1310 1469 1472 1510 sanitas
1499 1469 1542 1508 in
1571 1481 1699 1509 carne
1722 1481 1819 1509 mea
1839 1481 1865 1508 3

1036 1525 1147 1567 facie
1161 1525 1237 1566 irae
1251 1530 1354 1566 tuae:
1370 1527 1392 1551 *
1407 1538 1495 1566 non
1509 1530 1575 1567 est
1589 1538 1677 1577 pax
1691 1524 1864 1566 essibus

1041 1582 1148 1624 meis
1175 1596 1200 1623 3
1222 1582 1333 1624 facie
1355 1584 1638 1635 peccaterum
1656 1584 1864 1623 meerum.

1090 1639 1304 1689 Queniam
1321 1639 1571 1691 iniquitates
1590 1652 1701 1680 meae
1717 1651 1863 1691 super-

1036 1697 1200 1746 gressae
1215 1701 1315 1737 sunt
1332 1701 1464 1748 caput
1480 1708 1639 1737 meum:
1655 1697 1678 1722 *
1694 1700 1738 1737 61
1753 1695 1865 1736 516111

1040 1765 1150 1794 011115
1165 1765 1297 1803 grave
1312 1754 1505 1803 gravatae
1522 1758 1622 1794 sunt
1638 1765 1768 1805 super
1783 1765 1864 1793 me.

1087 1809 1351 1851 Putruerunt
1375 1814 1418 1850 et
1442 1812 1664 1862 corruptae
1687 1814 1786 1851 sunt
1810 1809 1864 1850 ci-

1037 1867 1220 1907 catrices
1240 1878 1365 1916 meae,
1384 1866 1407 1891 *
1427 1879 1453 1907 3
1471 1865 1581 1907 facie
1604 1865 1863 1918 insipientiae

1035 1934 1157 1963 meae.

1087 1977 1219 2020 Miser
1229 1978 1369 2020 factus
1379 1991 1485 2029 sum,
1497 1983 1541 2020 et
1552 1980 1756 2020 curvatus
1768 1991 1863 2019 sum

1035 2046 1176 2086 usque
1202 2035 1245 2075 in
1269 2034 1415 2076 finem:
1441 2037 1464 2061 *
1489 2039 1584 2077 tota
1610 2034 1680 2077 die
1706 2034 1860 2076 contri—

1036 2092 1176 2132 status
1195 2091 1481 2142 ingrediebar.

1088 2147 1302 2197 Queniam
1320 2147 1456 2189 lumbi
1473 2147 1559 2189 mei
1578 2147 1745 2199 impleti
1763 2151 1862 2189 sunt

1035 2202 1322 2245 illusienibus:
1340 2206 1364 2231 ²⁸¹
1384 2209 1428 2246 et
1445 2217 1533 2246 non
1553 2209 1619 2245 est
1638 2203 1799 2245 sanitas
1818 2203 1861 2244 in

1036 2271 1166 2301 carne
1184 2273 1292 2302 mea.

1087 2315 1289 2358 Afflictus
1309 2330 1415 2366 sum,
1435 2320 1479 2358 et
1497 2315 1745 2358 humiliatus
1765 2329 1861 2357 sum

1034 2371 1176 2413 nimis:
1195 2374 1218 2400 *
1236 2372 1460 2423 rugiebam
1484 2385 1509 2413 a
1532 2372 1696 2437 gemitu
1714 2372 1860 2415 cordis

1035 2428 1131 2469 mei.

1085 2486 1282 2535 Demine,
1294 2490 1394 2527 ante
1404 2490 1448 2526 te
1457 2498 1586 2527 omne
1595 2484 1860 2528 desiderium

1034 2555 1195 2583 meum:
1215 2544 1238 2568 *
1259 2547 1301 2583 et
1319 2541 1504 2592 gemitus
1523 2555 1646 2583 meus
1665 2555 1690 2583 a
1708 2547 1752 2584 te
1771 2556 1859 2585 non

1035 2603 1101 2640 est
1119 2597 1413 2640 abscenditus.

1087 2655 1173 2696 Cor
1191 2667 1335 2696 meum
1355 2653 1661 2696 conturbatum
1681 2661 1762 2706 est,
1786 2655 1856 2699 de-

1034 2711 1209 2763 reliquit
1225 2723 1296 2752 me
1314 2711 1451 2752 virtus
1474 2724 1586 2753 mea:
1604 2714 1628 2739 *
1650 2718 1694 2754 et
1711 2712 1856 2755 lumen

1490 559 1563 611 qui
1591 572 1677 600 non
1706 562 1863 612 appre-
