2066 2956
754 179 929 213 Officium
954 179 1239 213 Defunctorum.

141 276 232 317 rael
259 289 285 317 a
313 276 490 325 saeculo,
520 279 563 317 et
590 288 728 328 usque
758 275 802 316 in
831 277 965 316 saecu-

139 332 244 374 lum:
262 334 286 359 *
304 333 390 383 fiat,
409 332 495 374 fiat.

191 394 407 446 Requiem
425 395 643 435 aeternam.

196 459 292 500 Ant.
320 460 434 500 Sana
457 458 645 500 Demine
669 459 855 500 animam
878 472 965 502 me-

140 528 221 565 am,
246 514 347 566 quia
365 515 547 567 peccavi
566 515 656 557 tibi.

193 578 292 618 Ant.
321 575 464 617 Sitivit
483 577 506 602 *
526 576 668 617 anima
691 588 788 617 mea
807 575 863 617 ad
880 576 964 618 De-

140 645 213 673 um
231 631 394 673 vivum:
420 632 595 684 quando
616 632 802 683 veniam,
829 637 873 674 et
892 646 964 685 ap-

139 687 305 741 parebo
325 693 426 730 ante
444 688 600 730 faciem
618 689 819 730 Domini?

417 776 613 818 Psalmus
635 779 693 817 41.

223 836 563 879 uemadmodum
608 837 829 879 desiderat
874 851 962 880 cer-

243 906 323 934 vus
349 893 406 935 ad
435 893 576 935 fontes
602 896 827 946 aquarum:
852 896 876 921 *
903 895 964 936 ita

141 948 360 991 desiderat
380 950 524 991 anima
541 963 638 992 mea
657 950 714 992 ad
733 955 777 993 te
795 951 926 993 Deus.

191 1005 333 1047 Sitivit
357 1006 498 1047 anima
520 1020 618 1048 mea
640 1006 696 1048 ad
714 1007 858 1048 Deum
880 1008 963 1049 for-

140 1067 230 1104 tem
259 1062 421 1103 vivum:
447 1064 471 1090 ²⁸¹
498 1063 673 1116 quando
700 1064 889 1112 veniam
922 1070 965 1106 et

141 1118 364 1171 apparebo
383 1124 483 1161 ante
502 1119 658 1161 faciem
674 1118 779 1161 Dei?

193 1175 387 1217 Fuerunt
411 1175 516 1216 mihi
540 1175 733 1217 lacrimae
757 1189 868 1218 meae
890 1189 964 1230 pa-

141 1244 219 1273 nes
253 1230 323 1273 die
357 1244 407 1273 ac
440 1237 584 1274 nocte:
615 1234 639 1259 *
673 1233 777 1274 dum
810 1233 967 1275 dicitur

140 1287 247 1328 mihi
267 1287 477 1341 quotidie:
502 1289 588 1330 Ubi
612 1294 679 1331 est
697 1290 818 1331 Deus
841 1288 965 1332 tuus?

195 1344 305 1385 Haec
332 1344 588 1387 recordatus
615 1359 728 1396 sum,
761 1352 805 1388 et
833 1345 967 1388 effudi

142 1400 187 1441 in
211 1413 283 1442 me
311 1401 499 1442 animam
525 1415 681 1443 meam:
709 1404 732 1429 *
763 1403 967 1455 quoniam

142 1457 337 1499 transibo
363 1458 407 1498 in
431 1457 577 1499 locum
600 1457 871 1500 tabernaculi
894 1459 967 1500 ad-

142 1513 370 1564 mirabilis,
388 1526 529 1566 usque
548 1513 606 1556 ad
624 1514 804 1556 domum
822 1515 915 1556 Dei.

195 1570 246 1610 In
264 1582 374 1612 voce
394 1570 714 1621 exsultationis,
739 1575 783 1613 et
801 1571 966 1612 confes-

143 1626 292 1667 si6nis:
311 1628 334 1653 *
354 1638 487 1668 sonus
508 1627 735 1680 epulantis.

195 1682 339 1732 Quare
358 1683 494 1725 tristis
515 1696 561 1724 es
579 1684 722 1726 anima
741 1683 860 1726 mea?
881 1685 903 1710 *
924 1689 967 1726 et

145 1751 279 1792 quare
299 1739 535 1780 conturbas
554 1739 646 1782 me?

194 1796 333 1849 Spera
362 1796 407 1837 in
438 1797 552 1847 Deo,
586 1798 792 1850 queniam
823 1796 966 1839 adhuc

144 1852 387 1894 confitebor
422 1853 499 1894 illi:
535 1855 559 1880 *
596 1854 787 1896 salutare
823 1854 967 1895 vultus

144 1908 240 1958 mei,
259 1914 303 1950 et
319 1909 440 1950 Deus
460 1922 594 1951 meus.

195 1963 268 2006 Ad
285 1967 500 2018 meipsum
519 1967 661 2007 anima
678 1979 777 2007 mea
795 1939 965 2008 contur-

144 2020 249 2062 bata
275 2026 356 2062 est.
381 2022 405 2047 *
432 2024 669 2075 propterea
695 2035 862 2064 memor
889 2035 965 2064 ero

144 2076 208 2118 tui
236 2076 290 2119 de
317 2082 435 2119 terra
460 2077 681 2129 Jordanis,
713 2083 757 2120 et
782 2079 965 2120 Herme-

144 2132 249 2174 niim
268 2146 294 2174 a
311 2138 460 2175 monte
477 2134 664 2176 modico.

196 2189 396 2242 Abyssus
424 2190 626 2242 abyssum
655 2193 847 2242 invocat,
872 2191 896 2217 *
922 2191 967 2232 in

145 2259 254 2287 voce
274 2248 590 2288 cataractarum
608 2249 791 2288 tuarum.

199 2302 354 2343 Omnia
374 2303 546 2344 excelsa
564 2308 649 2353 tua,
670 2308 712 2344 et
730 2303 888 2345 fluctus
904 2302 968 2344 tui

146 2359 170 2384 *
189 2371 320 2410 super
339 2371 408 2399 me
427 2359 701 2400 transierunt.

197 2414 249 2455 In
273 2414 343 2456 die
367 2414 589 2456 mandavit
608 2416 822 2457 Deminus
844 2415 968 2456 mise-

146 2470 381 2512 ricordiam
404 2484 542 2512 suam:
565 2474 588 2499 *
614 2477 657 2514 et
682 2477 812 2514 nocte
837 2472 968 2513 canti-

147 2538 246 2567 cum
264 2528 364 2579 ejus.

199 2583 334 2635 Apud
357 2597 428 2625 me
451 2585 592 2626 oratio
611 2585 708 2626 Deo
728 2585 830 2626 vitae
848 2598 968 2635 meae,

147 2638 171 2663 *
191 2637 334 2680 dicam
353 2640 464 2682 Deo:
481 2640 721 2694 Susceptor
739 2654 862 2682 meus
881 2654 938 2682 es.

199 2694 343 2743 Quare
362 2695 523 2738 oblitus
544 2710 590 2738 es
610 2695 716 2738 mei?
732 2699 755 2723 *
773 2702 816 2738 et
836 2709 969 2749 quare

1019 275 1302 317 contristatus
1333 275 1508 326 incedo,
1554 275 1658 317 dum
1691 275 1845 326 affligit

1018 345 1088 373 me
1107 331 1329 373 inimicus?

1068 388 1186 429 Dum
1212 388 1542 440 confringuntur
1567 401 1669 430 ossa
1687 400 1800 438 mea,
1820 389 1843 413 *

1018 443 1394 512 exprobraverunt
1412 445 1520 486 mihi
1541 445 1615 498 qui
1635 444 1845 485 tribulant

1017 513 1087 542 me
1106 500 1266 542 inimici
1285 502 1382 542 mei.

1069 558 1186 598 Dum
1219 557 1370 599 dicunt
1401 557 1506 598 mihi
1538 570 1617 610 per
1650 557 1844 609 singulos

1019 613 1127 655 dies:
1159 613 1245 656 Ubi
1271 619 1337 655 est
1362 615 1483 656 Deus
1510 612 1632 655 tuus?
1659 616 1682 640 *
1710 626 1845 666 quare

1018 670 1156 711 tristis
1176 683 1223 712 es
1242 671 1385 712 anima
1403 683 1512 721 mea,
1533 675 1575 712 et
1596 683 1730 723 quare
1747 683 1844 712 con-

1020 726 1172 768 turbas
1191 725 1285 768 me?

1072 783 1211 836 Spera
1240 784 1284 824 in
1316 784 1427 833 Deo,
1463 783 1669 836 quoniam
1702 783 1845 825 adhuc

1021 840 1267 882 confitebor
1301 841 1376 881 illi:
1411 841 1435 866 *
1473 840 1664 882 salutare
1701 839 1845 881 vultus

1018 896 1115 946 mei,
1136 901 1178 938 et
1195 896 1316 939 Deus
1335 910 1469 939 meus.

1070 953 1286 1005 Requiem
1306 955 1524 995 aeternam.

1071 1021 1170 1060 Ant.
1184 1018 1331 1060 Sitivit
1350 1019 1494 1060 anima
1513 1032 1611 1060 mea
1630 1019 1687 1061 ad
1701 1020 1846 1061 Deum

1019 1074 1182 1116 vivum:
1202 1075 1377 1127 quando
1399 1075 1580 1125 veniam,
1601 1080 1645 1117 et
1664 1079 1845 1129 appare-

1018 1130 1077 1172 bo
1097 1136 1197 1173 ante
1215 1131 1371 1173 faciem
1390 1131 1591 1173 Demini?

1073 1190 1122 1242 Υ.
1138 1197 1206 1238 Ne
1224 1195 1373 1238 tradas
1392 1197 1545 1239 bestiis
1566 1197 1731 1238 animas
1747 1211 1845 1239 con-

1019 1252 1193 1295 fitentes
1211 1253 1301 1295 tibi.
1338 1255 1387 1306 Rg.
1413 1254 1470 1295 Et
1494 1253 1659 1295 animas
1684 1257 1846 1307 paupe-

1019 1322 1150 1407 {ilntelm
1159 1311 1336 1351 tuarum
1385 1323 1439 1351 ne
1485 1309 1758 1351 obliviscaris
1803 1311 1847 1352 in

1074 1427 1202 1468 Pater
1221 1431 1381 1468 noster.
1402 1431 1540 1466 totum
1561 1430 1742 1466 secreto.

1123 1497 1274 1539 Lectio
1295 1498 1361 1538 vii.
1582 1498 1602 1537 J
1609 1498 1666 1539 ob
1687 1498 1742 1537 17.

1087 1596 1094 1624 :
1123 1567 1279 1620 piritus
1294 1581 1417 1609 meus
1431 1569 1737 1619 attenuabitur,
1753 1569 1846 1611 dies

1141 1624 1227 1665 mei
1260 1624 1590 1675 breviabuntur,
1630 1631 1674 1667 et
1706 1626 1847 1667 solum

1105 1699 1115 1703 >¹
1140 1680 1246 1721 mihi
1300 1684 1502 1734 superest
1555 1682 1847 1734 sepulchrum.

1019 1735 1121 1777 Non
1139 1738 1338 1790 peccavi,
1361 1743 1404 1779 et
1422 1738 1465 1778 in
1484 1739 1846 1781 amaritudinibus

1020 1795 1217 1834 moratur
1244 1794 1397 1836 eculus
1421 1807 1555 1836 meus,
1591 1795 1751 1837 Libera
1775 1809 1846 1837 me

1019 1849 1225 1900 Domine,
1254 1855 1298 1892 et
1326 1863 1443 1904 pone
1467 1864 1537 1893 me
1563 1852 1682 1903 juxta
1707 1858 1767 1903 te,
1803 1858 1846 1894 et

1022 1906 1211 1957 cujasvis
1234 1919 1387 1949 manus
1410 1913 1576 1960 pugnet
1595 1914 1748 1950 contra
1765 1922 1846 1950 me.

1019 1962 1126 2003 Dies
1145 1963 1231 2004 mei
1248 1963 1530 2014 transierunt,
1555 1965 1845 2017 cogitatienes

1021 2031 1132 2060 meae
1169 2019 1394 2073 dissipatae
1430 2026 1547 2072 sunt,
1589 2023 1845 2073 torquentes

1021 2087 1099 2116 cor
1131 2089 1286 2118 meum.
1328 2076 1516 2119 Noctem
1548 2079 1771 2119 verterunt
1802 2078 1845 2119 in

1022 2130 1152 2182 diem,
1198 2137 1241 2175 et
1285 2146 1458 2175 rursum
1502 2138 1605 2187 post
1641 2133 1845 2175 tenebras

1023 2200 1153 2240 spero
1174 2188 1327 2231 lucem.
1363 2190 1409 2231 Si
1432 2190 1694 2240 sustimiero,
1719 2190 1845 2231 infer-

1020 2257 1102 2285 nus
1122 2244 1279 2287 domus
1297 2259 1395 2288 mea
1415 2251 1496 2297 est,
1523 2251 1566 2288 et
1590 2246 1633 2286 in
1651 2246 1844 2289 tenebris

1023 2302 1158 2343 stravi
1187 2302 1396 2344 lectulum
1425 2315 1580 2344 meum.
1620 2303 1846 2345 Putredini

1022 2355 1126 2398 dixi:
1143 2356 1274 2400 Pa'ter
1292 2371 1416 2400 meus
1435 2371 1497 2408 eS,
1515 2363 1654 2400 mater
1672 2372 1780 2409 mea,
1801 2365 1845 2401 et

1022 2426 1147 2455 soror
1163 2428 1272 2465 mea,
1290 2414 1522 2457 vermibus.
1550 2414 1635 2457 Ubi
1654 2420 1721 2457 est
1739 2428 1844 2468 ergo

1020 2483 1135 2512 nunc
1161 2471 1434 2524 praestolatio
1460 2484 1575 2521 mea,
1611 2476 1655 2513 et
1680 2473 1844 2525 patien-

1020 2527 1126 2568 tiam
1144 2540 1286 2568 meam
1306 2528 1402 2579 quis
1422 2527 1692 2570 considerat?

1070 2590 1119 2639 Ιζι.
1156 2588 1419 2629 Peccantem
1450 2600 1520 2629 me
1553 2588 1763 2640 quotidie,
1801 2595 1844 2631 et

1021 2655 1107 2683 non
1125 2656 1195 2685 me
1213 2643 1515 2695 poenitentem,
1542 2645 1673 2686 timor
1690 2646 1844 2687 mortis

1021 2699 1255 2741 conturbat
1285 2712 1370 2741 me:
1397 2701 1418 2723 *
1456 2700 1570 2751 Quia
1600 2702 1644 2742 in
1675 2702 1843 2743 inferno
