2028 2892
788 203 826 235 In
855 203 1093 235 Ast-misione
1120 202 1283 236 Domini.

185 298 335 351 Incipit
351 298 461 340 liber
472 298 661 341 Actuum
677 299 1004 353 Apostolorum.

288 368 435 408 Lectio
459 369 478 408 i.
751 372 853 420 (lap.
877 371 902 408 l.

180 447 187 484 ξ
465 429 640 482 quidem
660 433 903 472 sermonem
924 431 1005 473 feci

183 512 187 531 1
316 485 370 527 de
417 486 636 536 omnibus,
680 500 706 528 o
749 486 1004 540 Theophile,

204 542 284 568 4
317 556 415 595 quae
445 543 579 596 coepit
607 543 734 585 Jesus
762 544 925 594 facere,
962 550 1004 586 et

178 599 337 642 docere
365 613 504 651 usque
537 600 579 640 in
609 599 743 649 diem,
777 613 862 652 qua
894 614 1003 653 prae-

179 657 344 710 cipiens
390 656 618 709 Apostolis
666 669 745 709 per
797 657 1004 710 Spiritum

176 719 388 763 sanctum,
427 726 538 765 quos
569 713 716 764 elegit,
753 717 1003 767 assumptus

176 776 258 812 est:
297 770 454 822 quibus
499 776 541 812 et
580 770 769 823 praebuit
811 773 1003 824 seipsum

177 827 322 868 vivum
364 832 466 880 post
502 828 751 880 passionem
797 841 919 869 suam
961 829 1002 869 in

175 883 322 926 multis
356 884 635 934 argumentis,
664 897 743 937 per
775 883 868 926 dies
902 898 1003 937 qua-

177 940 375 992 draginta
401 943 619 994 apparens
646 941 724 991 eis,
751 948 793 983 et
819 941 1003 993 loquens

177 997 231 1040 de
251 1011 386 1048 regno
407 998 501 1039 Dei.
529 998 584 1039 Et
601 1000 877 1048 convescens,
894 1012 1002 1051 prae-

177 1055 293 1108 cepit
316 1055 378 1096 eis
403 1054 457 1096 ab
482 1054 766 1107 Jerosolymis
790 1068 843 1096 ne
868 1054 1002 1097 disce-

177 1112 346 1162 derent‚
379 1111 457 1154 sed
489 1114 795 1165 exspectarent
821 1113 1003 1165 promis-

176 1169 343 1210 sionem
370 1169 528 1218 Patris,
563 1181 692 1220 quam
721 1168 902 1211 audistis
931 1169 1003 1220 (in-

177 1225 284 1277 quit)
313 1238 391 1278 per
421 1238 470 1266 os
497 1238 658 1266 meum:
687 1225 788 1276 quia
811 1226 1002 1267 Joannes

177 1281 354 1334 quidem
367 1282 608 1335 baptizavit
623 1294 747 1333 aqua,
763 1295 842 1323 vos
858 1288 1002 1324 autem

175 1338 503 1392 baptizabimini
535 1338 699 1391 Spiritu
731 1345 883 1380 sancto
916 1351 1002 1380 non

175 1401 278 1448 post
296 1395 458 1437 multos
476 1395 559 1437 hos
579 1394 684 1437 dies.

232 1468 280 1518 K.
321 1465 429 1506 Post
469 1464 719 1517 passionem
761 1477 885 1505 suam
924 1477 1002 1518 per

176 1520 269 1563 dies
295 1520 583 1573 quadraginta
611 1522 828 1573 apparens
855 1521 931 1571 eis,
960 1527 1003 1563 et

175 1577 360 1630 loquens
388 1577 443 1619 de
471 1590 606 1628 regno
634 1577 731 1626 Dei,
761 1577 946 1630 alleluja:
979 1581 1001 1602 *

175 1634 231 1675 Et
272 1633 520 1676 videntibus
560 1633 643 1674 illis
686 1633 882 1675 elevatus
919 1640 1001 1683 est,

176 1690 364 1742 alleluja:
390 1696 432 1731 et
457 1689 595 1731 nubes
615 1689 808 1742 suscepit
828 1702 926 1731 eum
947 1690 1001 1732 ab

176 1746 313 1788 oculis
339 1749 500 1796 eorum,
528 1746 709 1798 alleluja.
742 1744 791 1794 Y.
820 1747 876 1788 Et
902 1759 1001 1788 con·

175 1804 357 1844 vescens
376 1803 589 1856 praecepit
613 1803 685 1851 eis,
710 1802 765 1844 ab
784 1803 1001 1856 Jerosoly-

174 1860 256 1900 mis
281 1872 334 1901 ne
362 1858 646 1909 discederent,
673 1858 751 1901 sed
777 1862 1001 1912 exspecta-

175 1922 271 1958 rent
297 1916 632 1969 promissionem
659 1916 811 1957 Patris.
861 1917 916 1958 Et
943 1917 1001 1958 vi-

176 1971 389 2015 dentibus.

483 2042 631 2082 Lcctio
662 2043 699 2082 ii.

221 2112 336 2162 gitur
369 2111 441 2164 qui
475 2112 784 2162 convenerant,
822 2111 1001 2154 interro-

243 2168 406 2220 gabant
435 2180 544 2218 eum,
573 2166 782 2210 dicentes:
814 2168 1001 2210 Domine

176 2225 212 2266 si
229 2225 272 2266 in
288 2227 487 2278 tempore
502 2224 589 2266 hoc
603 2227 806 2266 restitues
822 2237 1001 2275 regnum

175 2281 336 2323 Israel?
373 2281 494 2323 Dixit
521 2287 665 2322 autem
694 2281 771 2322 eis:
806 2281 907 2323 Non
936 2289 1002 2324 est

176 2344 367 2380 vestrum
404 2350 534 2379 nosse
570 2339 770 2390 tempora
806 2338 875 2379 vel
911 2352 1000 2379 mo-

175 2396 339 2444 menta,
378 2408 476 2447 quae
510 2394 638 2436 Pater
670 2394 818 2447 posuit
849 2395 890 2434 in
924 2409 999 2436 sua

175 2454 410 2502 potestate:
439 2450 518 2493 sed
545 2450 768 2503 accipietis
797 2451 999 2492 virtutem

177 2508 520 2558 supervenientis
556 2507 742 2560 Spiritus
779 2507 916 2549 sancti
958 2508 999 2548 in

176 2575 271 2610 vos,
301 2568 343 2604 et
371 2564 489 2605 eritis
516 2564 620 2605 mihi
647 2569 782 2605 testes
810 2564 851 2603 in
879 2564 999 2605 Jeru-

177 2618 322 2667 salem,
342 2625 385 2661 et
409 2620 450 2660 in
471 2621 586 2662 omni
606 2620 770 2671 Judaea,
795 2626 837 2662 et
856 2620 998 2661 Sama-

177 2676 255 2724 ria,
291 2681 334 2716 et
370 2689 507 2727 usque
544 2676 599 2718 ad
632 2677 829 2718 ultimum
860 2682 999 2718 terrae.

178 2731 234 2772 Et
267 2744 363 2772 cum
395 2731 490 2773 haec
522 2732 719 2783 dixisset,
754 2731 1000 2775 videntibus

1056 299 1151 350 illis,
1166 300 1361 343 elevatus
1376 307 1456 343 est:
1476 308 1520 344 et
1535 301 1673 343 nubes
1689 302 1880 355 suscepit

1057 369 1155 398 eum
1176 356 1229 399 ab
1251 357 1387 399 oculis
1409 360 1570 400 eorum.

1116 419 1162 458 Ην.
1200 413 1350 455 Omnis
1386 414 1667 467 pulchritudo
1706 414 1882 456 Domini

1057 460 1246 512 exaltata
1262 476 1328 512 est
1343 483 1474 523 super
1489 469 1650 512 sidera:
1669 483 1691 504 *
1703 470 1882 523 Species

1057 528 1147 579 ejus
1183 527 1226 567 in
1267 526 1454 569 nubibus
1490 527 1608 577 coeli,
1645 533 1688 569 et
1723 539 1881 568 nomen

1056 584 1146 635 ejus
1161 583 1203 624 in
1223 585 1433 625 aeternum
1447 585 1682 636 permanet,
1700 583 1882 636 alleluja.

1063 640 1111 692 Y,
1138 641 1178 681 A
1206 653 1375 681 summo
1408 640 1521 682 coelo
1555 641 1746 692 egressio
1780 640 1881 692 ejus,

1056 702 1099 739 et
1119 700 1327 739 occursus
1352 698 1443 749 ejus
1468 710 1607 749 usque
1632 696 1688 739 ad
1711 701 1882 738 sumum

1056 755 1157 805 ejus.
1183 754 1362 807 Species
1382 754 1482 805 ejus.

1362 828 1514 868 Lectio
1535 829 1588 868 iii.

1061 881 1292 989 Cumque
1329 881 1596 923 intuerentur
1637 881 1679 922 in
1723 881 1882 924 coelum

1159 941 1333 980 euntem
1366 937 1504 987 ill'um,
1541 941 1644 979 'ecce
1677 936 1765 979 duo
1802 938 1879 980 viri

1056 994 1284 1036 astiterunt
1321 995 1438 1047 juxta
1474 993 1574 1035 illos
1609 993 1652 1034 in
1687 994 1882 1036 vestibus

1056 1050 1176 1100 albis,
1198 1051 1271 1102 qui
1291 1056 1334 1092 et
1353 1049 1570 1092 dixerunt:
1595 1050 1690 1092 Viri
1711 1049 1881 1092 Galilaei

1057 1107 1163 1158 quid
1190 1107 1313 1148 statis
1342 1107 1602 1160 aspicientes
1630 1106 1672 1146 in
1699 1105 1881 1148 coelum?

1056 1163 1140 1204 Hic
1176 1163 1199 1204 J
1203 1175 1302 1204 esus
1345 1163 1419 1215 qui
1460 1166 1711 1216 assumptus
1753 1168 1820 1205 est
1857 1176 1881 1205 a

1056 1218 1181 1261 vobis
1206 1219 1249 1259 in
1275 1219 1451 1269 coelum,
1481 1219 1543 1260 sic
1567 1219 1711 1260 veniet
1736 1231 1881 1271 quern-

1057 1274 1294 1317 admodum
1317 1274 1486 1317 vidistis
1515 1287 1613 1316 eum
1641 1278 1815 1317 euntem
1838 1275 1881 1316 in

1057 1331 1225 1373 coelum.
1253 1332 1377 1373 Tunc
1400 1331 1563 1373 reversi
1587 1338 1686 1373 sunt
1708 1331 1733 1372 J
1736 1334 1881 1373 eroso-

1055 1387 1215 1440 lymam
1243 1401 1268 1430 a
1293 1394 1456 1437 monte,
1485 1387 1560 1439 qui
1585 1390 1768 1430 vocatur
1795 1387 1881 1430 Oli-

1055 1445 1154 1494 veti,
1180 1445 1253 1497 qui
1280 1450 1346 1486 est
1371 1445 1489 1497 juxta
1507 1444 1761 1494 Jerusalem,
1785 1443 1881 1486 sab-

1055 1500 1145 1542 bati
1173 1501 1339 1543 habens
1370 1501 1462 1543 iter.
1504 1502 1560 1543 Et
1588 1514 1686 1542 cum
1712 1501 1882 1542 introis-

1055 1563 1151 1599 sent
1186 1558 1229 1598 in
1266 1558 1556 1608 coenaculum,
1592 1556 1882 1600 ascenderunt

1055 1613 1128 1655 ubi
1158 1614 1392 1656 manebant
1419 1615 1574 1656 Petrus
1606 1619 1650 1655 et
1679 1614 1881 1661 Joannes,

1054 1670 1245 1712 Jacobus
1274 1677 1317 1712 et
1341 1669 1556 1719 Andreas,
1581 1670 1810 1723 Philippus
1838 1676 1881 1712 et

1054 1726 1269 1777 Thomas,
1306 1726 1657 1768 Bartholomaeus
1694 1732 1738 1768 et
1772 1726 1880 1768 Mat-

1054 1783 1211 1834 thaeus,
1239 1783 1431 1825 Jacobus
1459 1782 1634 1836 Alpha'ei
1663 1788 1706 1824 et
1732 1782 1881 1824 Simon

1055 1839 1242 1890 ZeloteS,
1259 1846 1301 1882 et
1315 1840 1339 1881 J
1342 1839 1450 1882 udas
1465 1839 1490 1880 J
1492 1839 1630 1881 acobi.
1655 1839 1714 1880 Hi
1729 1851 1880 1880 omnes

1055 1902 1177 1938 erant
1200 1898 1531 1949 perseverantes
1554 1895 1813 1937 unanimiter
1838 1895 1880 1936 in

1055 1953 1251 1995 oratione
1278 1966 1376 1995 cum
1394 1951 1656 2001 mulieribus,
1682 1957 1725 1994 et
1743 1951 1880 1993 Maria

1054 2015 1191 2051 matre
1211 2010 1234 2050 J
1238 2022 1325 2059 esu,
1345 2014 1388 2051 et
1406 2007 1611 2050 fratribus
1631 2009 1733 2061 ejus.
1799 2021 1802 2023 ’

1113 2078 1159 2128 Ra
1182 2071 1388 2112 Exaltare
1415 2069 1616 2119 Domine,
1646 2069 1831 2121 alleluja,
1858 2077 1879 2100 *

1054 2128 1103 2169 In
1124 2128 1284 2170 virtute
1302 2133 1388 2177 tua,
1408 2126 1589 2178 alleluja.
1625 2124 1674 2175 Y.
1697 2125 1880 2167 Elevata

1055 2190 1121 2226 est
1143 2183 1463 2235 magnificentia
1487 2188 1561 2224 tua
1587 2195 1718 2236 super
1742 2181 1879 2223 coelos

1055 2241 1186 2282 Deus.
1205 2241 1255 2281 In
1272 2240 1442 2281 virtute.
1466 2238 1629 2281 Gloria.
1645 2239 1694 2279 In
1710 2238 1879 2280 virtute.

1278 2320 1326 2359 In
1354 2320 1403 2358 II.
1433 2319 1466 2357 N
1469 2320 1654 2358 octumo.

1108 2390 1205 2428 Ant.
1239 2387 1443 2428 Exaltare
1469 2387 1655 2428 Domine
1680 2387 1704 2412 *
1729 2387 1771 2427 in
1797 2387 1878 2427 vir-

1053 2448 1146 2487 tute
1165 2450 1253 2486 tua:
1273 2442 1554 2492 cantabimus,
1570 2448 1613 2483 et
1631 2441 1878 2494 psallemus,

1054 2501 1234 2553 alleluja.

1323 2556 1518 2596 Psalmus
1538 2557 1607 2596 20.

1065 2635 1150 2676 :KQ
1185 2618 1330 2660 omine
1355 2617 1399 2658 in
1424 2617 1586 2658 virtute
1610 2621 1686 2658 tua
1712 2615 1876 2657 laetabi-

1064 2670 1154 2722 ¹l‡¹‘²-'l
1200 2680 1270 2717 tur
1295 2687 1387 2715 rex:
1412 2676 1434 2701 *
1460 2679 1503 2715 et
1529 2685 1660 2726 super
1686 2672 1877 2714 salutare

1064 2707 1068 2741 Ι
1086 2734 1131 2749 ²-
1201 2737 1323 2775 tuum
1340 2730 1575 2772 exsultabit
1586 2729 1876 2771 vehementer.
