2066 2904
530 184 739 217 Commune
766 182 877 216 unius
905 181 1083 224 Martyris
1109 185 1215 215 extra
1240 185 1391 223 tempus
1419 181 1616 215 I'aschale.

275 289 319 339 R:-
351 286 409 327 br.
454 284 612 335 Magna
641 286 709 325 est
736 282 876 334 gloria
904 282 994 334 ejus
1021 286 1042 310 *

219 343 269 383 In
301 340 480 383 salutari
512 345 600 382 tuo.
641 340 810 390 Magna.
855 337 901 387 Y.
943 338 1045 379 Glo-

219 399 327 439 riam
355 403 399 440 et
429 410 636 449 magnum
670 396 876 438 decorem
908 395 1045 447 impo-

219 468 296 497 nes
325 467 458 508 super
486 467 596 496 eum.
636 454 698 494 In.
738 452 888 493 Gloria
915 450 1045 492 Patri.

218 511 387 563 Magna.

272 578 316 628 ,ΥΞ
369 581 519 622 Justus
568 585 616 621 ut
665 578 812 632 palma
857 575 1045 618 florebit.

218 636 424 736 §abistilclzlut
460 637 618 679 cedrus
650 634 806 678 Libani
842 632 1045 685 multipli—

420 789 481 830 In
506 789 569 830 11.
588 786 840 837 vesperis.

268 867 504 910 Antiphnnae
530 867 576 900 dc
602 867 809 901 Laudibus.
838 864 907 908 [32]

271 920 411 953 Psalmi
445 926 482 953 ut
514 919 549 952 in
580 919 605 952 1.
637 919 820 962 Vespcris
852 918 897 952 dc
931 918 1040 952 Com—

216 970 318 1003 muni
346 970 479 1012 Apost.
510 967 556 1010 [1]
580 974 615 1002 ct
641 970 726 1003 loco
753 969 874 1002 ultimi

475 1043 670 1083 I'salmus
702 1045 778 1083 115.

216 1107 452 1214 Credidi,
492 1114 676 1163 propter
713 1108 832 1161 quod
868 1108 1043 1150 locutus

310 1181 420 1209 sum:
446 1168 470 1194 *
499 1179 581 1219 ego
615 1170 760 1208 autem
792 1164 1043 1206 humiliatus

217 1237 312 1266 sum
339 1225 477 1266 nimis.

267 1286 361 1337 Ego
389 1284 479 1326 dixi
506 1285 550 1325 in
579 1284 762 1325 excessu
790 1294 906 1323 meo:
935 1282 959 1307 *
988 1281 1042 1323 Ο-

215 1342 326 1383 mnis
344 1341 477 1383 homo
494 1339 694 1382 mendax.

267 1402 383 1453 Quid
410 1401 649 1444 retribuam
674 1400 881 1450 Domino,
909 1399 933 1425 *
960 1412 1042 1452 pro

216 1458 426 1509 Omnibus,
455 1471 553 1511 quae
570 1456 771 1499 retribuit
787 1455 914 1497 mihi?

267 1519 458 1561 Calicem
482 1518 685 1560 salutaris
709 1517 935 1570 accipiam:
953 1518 977 1543 *
1000 1523 1043 1560 et

214 1589 373 1618 nomen
392 1575 569 1617 Domini
588 1574 817 1617 invocabo.

266 1638 385 1679 Vota
416 1650 514 1679 mea
537 1636 727 1678 Domino
761 1635 945 1677 reddam
972 1648 1042 1677 co-

215 1706 309 1735 ram
337 1694 455 1736 omni
481 1693 648 1746 pdpulo
677 1693 783 1744 ejus:
802 1692 825 1718 *
849 1692 1044 1745 pretiosa

215 1750 259 1791 in
279 1752 520 1804 conspectu
538 1750 715 1791 Domini
732 1762 853 1791 mors
872 1751 1042 1792 sancto-

215 1819 312 1848 rum
331 1808 436 1859 ejus:

270 1868 307 1909 Ο
327 1868 514 1909 Βόῐηίῃε
535 1867 635 1920 quia
654 1879 735 1918 ego
757 1879 909 1908 servus
928 1871 1043 1909 tuus:

217 1925 241 1950 *
260 1937 343 1976 ego
363 1937 515 1967 servus
532 1929 648 1974 tuus,
676 1928 721 1966 et
739 1923 854 1964 filius
874 1923 1042 1965 ancillae

217 1986 316 2023 tuae.

267 2041 484 2094 Dirupisti
503 2041 675 2083 vincula
692 2054 805 2083 mea:
827 2041 851 2067 ¹⁸¹
875 2041 955 2083 tibi
979 2055 1043 2083 sa-

217 2098 424 2140 crificabo
442 2098 630 2140 bestiam
649 2097 800 2148 laudis,
821 2102 865 2140 et
883 2111 1042 2141 nomen

218 2155 398 2196 D6mini
415 2154 643 2197 invocabo.

270 2216 388 2258 Vota
421 2229 521 2258 mea
552 2215 744 2257 Domino
780 2215 964 2258 reddam
999 2217 1043 2257 in

218 2274 456 2326 conspectu
497 2272 638 2314 omnis
680 2272 833 2325 populi
876 2273 984 2325 ejus:
1019 2274 1042 2299 *

218 2329 261 2369 in
288 2329 410 2370 atriis
439 2328 595 2371 domus
614 2329 802 2378 Domini,
830 2329 873 2369 in
896 2329 1042 2372 me'dio

217 2385 280 2426 tui
306 2385 560 2428 Jerusalem.

323 2466 577 2518 Capitulum.
752 2467 837 2508 Jac.
855 2470 882 2507 1.
900 2468 937 2509 b.

219 2535 424 2642 Beatus
452 2545 533 2595 vir,
564 2545 639 2598 qui
666 2544 819 2588 suffert
843 2546 1042 2588 tentatio-

326 2613 440 2641 nem:
469 2602 674 2653 quoniam
702 2615 802 2644 cum
828 2602 1043 2655 probatus

220 2656 359 2706 fuerit,
371 2658 555 2710 accipiet
566 2660 775 2700 corenam
786 2659 900 2709 vitae,
912 2672 1042 2711 quam

219 2713 470 2765 repromisit
487 2714 608 2756 Deus
628 2715 908 2767 diligentibus
927 2729 985 2757 se.

1413 290 1620 340 Hymnus

1212 367 1289 397 eus
1307 358 1482 398 tuorum
1509 355 1695 397 militum

1235 413 1352 463 Sors,
1372 418 1416 455 et
1434 415 1610 462 corona,
1628 411 1871 466 praemium,

1174 468 1351 512 Laudes
1370 471 1577 512 canentes
1595 469 1804 522 Martyris

1175 525 1372 568 Abs61ve
1391 539 1507 568 nexu
1528 526 1730 567 criminis.

1128 602 1208 645 Hic
1225 616 1384 657 nempe
1403 603 1555 645 mundi
1572 602 1745 655 gaudia,

1174 660 1232 702 Et
1248 659 1413 702 blanda
1431 659 1636 702 fraudum
1654 659 1818 713 pabula

1174 716 1350 758 Imbuta
1368 716 1469 758 felle
1489 716 1718 770 deputans,

1172 773 1378 815 Pervenit
1396 773 1454 815 ad
1472 773 1680 816 coelestia.

1131 852 1283 892 Poenas
1302 850 1496 892 cucurrit
1513 850 1697 902 fortiter,

1173 907 1230 948 Et
1249 907 1427 949 ssistulit
1445 907 1638 959 viriliter,

1173 963 1467 1018 Fundensque
1486 977 1569 1019 pro
1592 969 1636 1007 te
1659 965 1925 1018 sanguinem,

1172 1021 1358 1063 AEterna
1377 1020 1495 1064 dona
1512 1021 1723 1075 possidet.

1127 1097 1192 1139 Ob
1212 1098 1298 1139 hoc
1316 1100 1501 1151 precatu
1520 1098 1710 1152 supplici

1172 1154 1237 1196 Te
1256 1155 1494 1208 poscimus,
1521 1155 1734 1208 piissime;

1173 1212 1224 1252 In
1251 1211 1336 1253 hoc
1355 1212 1580 1266 triumpho
1600 1212 1805 1265 Martyris

1173 1268 1356 1310 Dimitte
1375 1281 1538 1311 noxam
1556 1269 1752 1311 servulis.

1127 1348 1240 1388 Laus
1261 1351 1304 1388 et
1323 1346 1527 1399 perennis
1544 1347 1685 1398 gloria

1172 1403 1293 1445 Patri
1312 1403 1379 1454 sit,
1399 1408 1532 1456 atque
1550 1403 1674 1454 Filio,

1172 1461 1334 1502 Sancto
1355 1460 1484 1502 simul
1501 1460 1734 1511 ParaclitQ

1173 1518 1225 1558 ln
1244 1517 1512 1570 sempiterna
1531 1517 1705 1559 saecula.
1745 1517 1899 1559 Amen.

1150 1585 1200 1637 V.
1245 1586 1396 1628 Justus
1445 1591 1495 1628 ut
1542 1585 1690 1640 palma
1738 1585 1927 1628 florebit.

1098 1647 1149 1699 R.
1183 1643 1305 1685 Sicut
1341 1642 1500 1685 cedrus
1532 1643 1689 1686 Libani
1719 1642 1926 1696 multipli-

1096 1699 1278 1742 cabitur.

1154 1772 1221 1813 Ad
1242 1774 1415 1826 Magnif.
1440 1774 1541 1814 Ant.
1562 1769 1647 1822 Qui
1666 1768 1760 1811 vult
1777 1770 1926 1811 venire

1094 1831 1198 1879 post
1229 1839 1316 1876 me,
1346 1827 1370 1852 *
1408 1825 1597 1878 abneget
1628 1827 1926 1879 semetipsum,

1096 1887 1140 1925 et
1166 1882 1295 1925 tollat
1322 1895 1499 1925 crucem
1524 1896 1663 1935 suam,
1699 1887 1745 1925 et
1771 1884 1926 1935 sequa-

1094 1943 1165 1981 tur
1192 1952 1274 1982 me.

1301 1999 1719 2028 ψ.

1303 2082 1432 2125 Aliae
1459 2082 1721 2126 Lectiones

1198 2164 1313 2204 pro
1356 2164 1478 2192 uno
1518 2150 1826 2202 Martyre.

1320 2235 1369 2275 In
1396 2234 1447 2274 H.
1475 2233 1700 2278 Nocturno.

1096 2299 1164 2340 De
1191 2297 1480 2351 Expositione
1508 2298 1548 2340 S.
1576 2297 1800 2340 Ambrosii
1827 2297 1926 2350 Epi-

1142 2354 1267 2408 scopi
1286 2354 1332 2395 in
1349 2354 1574 2395 Psalmum
1592 2354 1880 2397 centesimum

1283 2410 1502 2452 decimum
1522 2412 1738 2453 octavum.

1203 2476 1355 2517 Lectio
1377 2476 1429 2515 iv.

1104 2554 1174 2601 ³533..
1201 2546 1433 2599 rincipes
1465 2545 1685 2600 persecuti
1722 2550 1823 2587 sunt
1854 2558 1926 2586 me

1138 2636 1204 2673 ,ἐξ
1225 2603 1375 2655 gratis:
1404 2606 1447 2644 et
1470 2616 1496 2644 a
1514 2602 1661 2644 verbis
1684 2602 1773 2644 tuis
1794 2603 1925 2656 trepi-

1137 2659 1204 2686 '2-3'*
1226 2660 1347 2702 davit
1379 2672 1457 2702 cor
1487 2672 1644 2701 meum.
1687 2659 1808 2701 Bene
1839 2659 1925 2701 hoc

1095 2717 1262 2770 Martyr
1287 2716 1410 2767 dicit,
1449 2716 1571 2770 quod
1595 2716 1753 2768 injuste
1778 2728 1925 2769 perse-

1564 2479 1747 2514 Sermone
1768 2478 1820 2512 21.
