2028 2892
230 298 372 341 Credo
398 294 545 337 videre
572 292 687 342 bona
706 287 880 331 Domini
902 287 925 313 *
951 286 994 327 in

178 363 294 400 terra
312 351 555 396 viventium.

230 411 446 463 Exspecta
454 405 697 453 Dominum,
709 401 887 443 viriliter
902 412 995 450 age:

179 470 202 495 *
246 473 289 509 et
333 464 600 508 confortetur
645 472 720 501 cor
763 464 902 506 tuum,
953 461 996 497 et

181 524 342 566 sustine
370 520 614 563 Dominum.

449 574 641 615 l’salmus
668 571 731 611 27.

262 635 290 678 d
325 640 368 677 te
404 631 589 674 Domine
626 627 842 676 clamabo,
879 626 998 667 Deus

287 703 408 732 meus
424 701 477 730 ne
493 686 620 728 sileas
635 698 660 726 a
674 696 759 725 me:
774 684 796 708 *
811 684 998 735 nequan-

182 749 240 790 do
258 750 404 790 taceas
431 758 456 786 a
474 756 558 793 me,
578 747 621 784 et
639 739 909 782 assimilabor
928 738 998 780 de-

183 801 488 846 scendentibus
506 800 549 840 in
566 798 718 839 lacum.

236 858 403 901 Exaudi
438 855 623 897 Domine
660 864 814 894 vocem
850 850 999 903 depre-

185 916 364 959 cationis
379 926 488 955 meae
506 911 608 953 dum
624 922 702 951 oro
718 907 773 949 ad
792 913 834 949 te
846 923 853 947 :
864 907 886 932 *
898 906 1000 948 dum

185 971 346 1015 extollo
381 981 532 1011 manus
564 979 681 1008 meas
709 964 766 1006 ad
792 962 1001 1016 templum

185 1033 380 1071 sanctum
398 1032 529 1068 tuum.

235 1085 302 1126 Ne
322 1082 447 1124 simul
471 1079 617 1123 trahas
640 1090 709 1119 me
736 1090 833 1118 cum
852 1088 1001 1129 pecca-

185 1140 366 1183 toribus:
393 1140 415 1164 *
445 1143 487 1180 et
514 1149 610 1178 cum
630 1132 909 1187 operantibus
928 1132 1001 1173 ini-

188 1197 395 1250 quitatem
415 1207 468 1236 ne
487 1191 645 1246 perdas
664 1203 749 1231 me:

239 1252 321 1303 Qui
350 1251 584 1303 loquuntur
612 1259 765 1300 pacem
790 1259 887 1287 cum
905 1247 1003 1298 pro—

189 1310 304 1350 ximo
315 1321 405 1358 suo,
419 1308 441 1333 *
456 1305 569 1347 mala
585 1309 729 1346 autem
742 1303 785 1343 in
800 1301 1004 1343 cordibus

189 1367 349 1407 eorum.

239 1421 307 1462 Da
329 1420 412 1461 illis
431 1416 668 1460 secundum
692 1418 825 1469 opera
845 1416 1005 1464 eorum,

189 1479 212 1504 *
231 1483 274 1519 et
297 1475 533 1518 secundum
551 1473 786 1526 nequitiam
805 1471 1005 1513 adinven-

191 1535 355 1576 tionum
374 1534 578 1585 ipsorum.

241 1588 485 1632 Secundum
501 1590 635 1639 opera
643 1588 846 1627 manuum
857 1586 1006 1626 eorum

191 1646 332 1688 tribue
351 1645 452 1686 illis:
476 1644 499 1669 *
525 1642 659 1685 redde
679 1641 1006 1683 retributionem

193 1705 342 1745 eorum
360 1700 475 1753 ipsis.

245 1757 457 1809 Quoniam
466 1768 553 1797 non
562 1754 863 1796 intellexerunt
875 1755 1009 1806 opera

195 1813 379 1863 Domini,
398 1818 441 1854 et
459 1812 502 1853 in
518 1813 651 1864 opera
664 1813 867 1851 manuum
883 1810 971 1861 ejus
986 1810 1009 1835 *

196 1871 392 1913 destrues
402 1868 510 1918 illos,
526 1873 569 1909 et
579 1879 665 1908 non
676 1866 913 1908 aedificabis
924 1878 1011 1907 eos.

247 1925 507 1967 Benedictus
521 1923 747 1964 Dominus:
766 1923 789 1948 *
810 1922 1011 1975 queniam

197 1981 415 2025 exaudivit
477 1992 630 2021 vocem
695 1978 1013 2031 deprecatiOnis

196 2051 317 2081 meae.

247 2093 459 2135 Dominus
475 2092 645 2143 adiutor
663 2104 795 2142 meus,
815 2097 858 2133 et
871 2092 1014 2143 prote·

199 2156 293 2193 etor
311 2162 451 2192 meus:
478 2150 500 2174 *
528 2149 571 2189 in
598 2148 694 2201 ipso
722 2147 915 2200 speravit
940 2160 1015 2189 cor

198 2219 352 2256 meum,
371 2211 415 2248 et
433 2204 603 2256 adiutus
621 2217 726 2245 sum.

251 2264 307 2304 Et
332 2261 527 2304 refloruit
553 2273 655 2302 caro
683 2272 798 2301 mea:
830 2260 854 2285 *
886 2264 929 2301 et
964 2272 1017 2301 ex

201 2318 421 2360 voluntate
440 2330 536 2358 mea
555 2315 796 2358 confitebor
815 2316 864 2357 ei.

252 2374 463 2415 Dominus
482 2372 692 2415 fortitudo
710 2371 851 2424 plebis
870 2385 976 2413 suae:
996 2373 1018 2397 *

203 2436 246 2474 et
279 2431 502 2483 protector
539 2429 823 2471 salvationum
861 2428 1018 2469 Christi

204 2487 269 2529 sui
290 2491 365 2528 est.

255 2542 427 2584 Salvum
452 2541 518 2582 fac
549 2540 757 2594 populum
786 2545 906 2582 tuum
934 2539 1020 2580 Do-

204 2599 327 2647 mine,
348 2603 391 2639 et
408 2596 590 2639 benedic
608 2596 853 2638 haereditati
873 2601 975 2637 tuae:
998 2596 1020 2620 *

206 2660 249 2697 et
268 2666 369 2704 rege
389 2666 474 2702 eOS,
502 2658 545 2694 et
573 2653 731 2695 extolle
759 2652 856 2693 illos
884 2664 1021 2703 usque

206 2712 247 2752 in
267 2712 485 2752 aeternum.

696 195 805 230 Feriu
830 191 997 228 secunda
1023 189 1071 224 ad
1097 186 1331 221 Matutinum.

1104 283 1202 322 Ant.
1252 279 1465 321 Dominus
1513 275 1716 318 defensor
1767 269 1870 313 vitae

1046 352 1167 381 meae.

1106 400 1202 439 Ant.
1234 397 1440 439 Adorate.

1321 471 1515 513 Psalmus
1543 469 1607 509 28.

1131 538 1255 579 fferte
1270 533 1460 577 Domino
1475 530 1552 572 filii
1566 529 1663 571 Dei:
1682 529 1706 554 *
1722 527 1874 570 afferte

1156 593 1346 639 Domino
1366 589 1480 631 filios
1500 589 1695 629 arietum.

1102 650 1269 692 Afferte
1295 646 1485 689 Domino
1517 642 1702 695 gloriam
1730 645 1774 684 et
1800 640 1876 682 ho-

1051 710 1212 757 norem,
1232 705 1383 747 afferte
1397 701 1588 743 Domino
1603 697 1789 750 gloriam
1801 698 1877 738 no-

1050 764 1153 805 mini
1182 763 1290 815 ejus:
1316 761 1339 787 *
1368 758 1550 801 adorate
1573 754 1810 797 Dominum
1832 753 1876 794 in

1053 821 1163 863 atrio
1183 823 1334 861 sancto
1355 817 1455 868 ejus.

1102 877 1203 918 Vox
1229 873 1406 916 Domini
1433 883 1564 924 super
1591 880 1739 922 aquas5
1756 867 1878 908 Deus

1053 931 1288 985 majestatis
1340 927 1542 970 intonuit:
1591 926 1615 951 *
1664 923 1878 966 Dominus

1053 1001 1184 1042 super
1204 1000 1339 1040 aquas
1358 984 1526 1026 multas.

1110 1049 1207 1087 Vox
1243 1042 1419 1085 Domini
1455 1041 1498 1081 in
1529 1039 1709 1081 virtute:
1740 1037 1764 1064 *
1791 1049 1881 1078 vox

1054 1101 1229 1144 Domini
1248 1101 1291 1141 in
1310 1096 1641 1149 magnificentia.

1107 1159 1209 1201 Vox
1244 1155 1420 1198 Domini
1462 1150 1773 1203 confringentis
1815 1161 1882 1191 ce-

1057 1215 1179 1258 dros:
1205 1215 1227 1240 *
1253 1219 1297 1255 et
1321 1211 1565 1261 confringet
1581 1207 1797 1250 Dominus
1816 1218 1882 1248 ce·

1059 1272 1162 1314 dros
1180 1269 1353 1312 Libani:

1110 1329 1166 1369 Et
1186 1328 1449 1369 comminuet
1478 1336 1551 1365 eas
1578 1326 1803 1374 tamquam
1825 1325 1884 1361 vi-

1056 1384 1195 1427 tulum
1218 1382 1390 1425 Libani:
1412 1382 1435 1407 *
1463 1385 1507 1422 et
1531 1378 1715 1422 dilectus
1739 1388 1885 1430 quem-

1061 1440 1299 1483 admodum
1319 1438 1432 1480 filius
1450 1435 1734 1479 unicornium.

1112 1498 1215 1539 Vox
1241 1495 1417 1537 Domini
1443 1490 1742 1535 intercidentis
1771 1489 1889 1530 flam—

1060 1567 1175 1596 mam
1207 1553 1336 1604 ignis:
1363 1553 1386 1578 *
1414 1564 1502 1593 vox
1529 1547 1707 1591 Domini
1734 1558 1890 1589 concu-

1062 1611 1208 1653 tientis
1246 1609 1485 1652 desertum:
1522 1611 1566 1649 et
1598 1601 1893 1648 commovebit

1059 1667 1270 1709 Dominus
1289 1665 1510 1707 desertum
1530 1661 1681 1706 CadeS.

1119 1724 1221 1765 Vox
1233 1722 1408 1763 Domini
1422 1718 1712 1774 praeparantis
1727 1728 1893 1764 cervos,

1069 1785 1112 1822 et
1131 1779 1342 1821 revelabit
1362 1777 1600 1820 condensa:
1619 1776 1643 1802 *
1664 1779 1707 1816 et
1725 1774 1770 1815 in
1787 1778 1893 1815 tem-

1068 1836 1142 1889 plo
1163 1837 1252 1888 ejus
1273 1847 1423 1877 omnes
1443 1833 1590 1876 dicent
1607 1831 1804 1884 gloriam.

1121 1893 1333 1933 Dominus
1354 1891 1564 1933 diluvium
1579 1887 1823 1930 inhabitare
1838 1886 1895 1928 fa-

1070 1950 1146 1991 cit:
1173 1950 1196 1975 *
1225 1954 1268 1990 et
1302 1947 1473 1990 sedebit
1498 1946 1714 1988 Dominus
1747 1956 1827 1986 rex
1852 1943 1897 1984 in

1072 2008 1292 2048 aeternum.

1121 2063 1333 2104 Dominus
1370 2061 1575 2103 virtutem
1611 2057 1778 2112 populo
1817 2069 1897 2098 suo

1072 2118 1209 2160 dabit:
1225 2120 1248 2144 *
1264 2118 1477 2159 Dominus
1487 2115 1719 2159 benedicet
1731 2112 1897 2168 populo

1072 2188 1151 2216 suo
1172 2189 1214 2216 1n
1233 2187 1353 2228 pace.

1343 2237 1537 2277 l'salmus
1557 2237 1621 2276 29.

1072 2303 1330 2408 Exaltabo
1383 2318 1427 2354 te
1463 2312 1650 2353 Domine
1696 2309 1899 2363 quoniam

1077 2427 1085 2435 ⁸
1121 2427 1129 2435 ⁸
1177 2369 1408 2422 suscepisti
1426 2382 1515 2410 me:
1532 2369 1555 2393 *
1575 2381 1656 2409 nec
1671 2365 1899 2408 delectasti

1075 2429 1271 2468 1n1micos
1289 2439 1412 2467 meos
1431 2437 1562 2478 super
1580 2437 1662 2466 me.

1126 2483 1313 2524 Domine
1336 2482 1457 2523 Deus
1480 2494 1604 2523 meus
1633 2479 1818 2522 clamavi
1844 2478 1901 2521 ad

1075 2545 1129 2589 te,
1148 2540 1171 2565 *
1193 2543 1237 2580 et
1256 2538 1418 2579 sanasti
1436 2551 1517 2579 me.
1885 2579 1894 2584 ,

1128 2595 1312 2636 Domine
1337 2593 1525 2635 eduxisti
1549 2594 1604 2636 ab
1623 2595 1793 2636 inferno
1814 2593 1901 2634 ani-

1078 2665 1190 2693 mam
1201 2663 1361 2692 meam:
1375 2651 1398 2675 *
1413 2649 1590 2693 salvasti
1603 2663 1673 2692 me
1684 2664 1709 2692 a
1724 2650 1901 2692 descen-

1079 2707 1278 2749 dentibus
1298 2707 1341 2747 in
1359 2706 1512 2747 lacum.
