2066 2904
664 168 874 202 Commune
900 167 1147 201 Confessoris
1172 177 1248 201 non
1274 168 1483 202 Pontifici&

503 262 656 302 Lectio
677 262 762 301 viii.

217 312 361 416 Duo
386 325 533 360 autern
558 324 676 367 sunt,
705 330 804 368 quae
828 317 1046 369 jubentur,

309 381 352 416 et
369 375 542 416 lumbos
558 376 833 424 restringere,
850 378 894 414 et
910 373 1045 413 lucer-

216 445 293 472 nas
313 433 479 472 tenere:
506 436 555 471 ut
583 435 626 471 et
654 428 869 470 munditia
896 429 953 469 sit
978 441 1046 469 ca-

216 487 379 528 stitatis
405 487 449 527 in
472 489 678 538 corpore,
702 490 747 526 et
769 484 916 525 lumen
937 484 1045 525 veri-

214 543 317 584 tatis
349 543 393 582 in
432 541 703 594 operatione.
754 539 1045 592 Redemptori

214 598 377 640 etenim
410 603 565 639 nostro
601 610 737 638 unum
774 596 868 637 sine
903 595 1044 636 altero

213 654 388 707 placere
415 656 694 705 nequaquam
719 656 885 704 potest:
913 651 949 691 si
969 656 1045 692 aut

214 711 251 751 is
271 711 345 762 qui
363 710 482 751 bona
501 709 601 760 agit,
622 708 766 749 adhuc
782 707 968 747 luxuriae
984 707 1044 746 in-

214 767 495 818 quinamenta
514 778 602 806 non
623 764 801 805 deserit:
821 768 896 803 aut
916 763 952 803 is
970 763 1044 814 qui

213 822 417 863 castitate
453 820 729 873 praeeminet,
766 819 956 860 necdum
996 831 1044 860 se

212 890 293 929 per
316 877 432 918 bona
464 879 599 928 opera
629 877 815 916 exercet.
851 874 946 915 Nec
976 875 1044 915 ca·

212 934 340 974 stitas
374 945 479 982 ergo
514 944 673 982 magna
705 936 772 972 est
801 931 894 971 sine
922 930 1042 971 bono

213 991 359 1041 opere,
376 1001 457 1029 nec
474 1001 586 1040 opus
602 987 765 1028 bonum
780 991 847 1028 est
862 986 1043 1037 aliquod

213 1045 306 1086 sine
328 1045 543 1085 castitate.
575 1043 663 1084 Sed
684 1048 727 1084 et
747 1043 784 1083 si
808 1046 1043 1094 utrumque

212 1101 370 1151 agitur,
393 1106 549 1149 restat,
575 1105 622 1140 ut
646 1099 844 1151 quisquis
866 1099 939 1139 ille
964 1104 1042 1147 est,

212 1169 290 1209 spe
317 1156 373 1197 ad
397 1158 631 1208 supernam
660 1156 850 1207 patriam
877 1154 1042 1203 tendat,

212 1218 255 1253 et
271 1215 550 1264 nequaquam
565 1224 611 1252 se
627 1224 652 1251 a
667 1211 785 1252 vitiis
796 1223 878 1262 pro
889 1210 1041 1251 mundi

209 1268 335 1320 hujus
355 1268 586 1309 honestate
607 1269 841 1308 contineat.

266 1326 317 1376 R.
344 1324 440 1365 Sint
470 1323 608 1364 lumbi
637 1323 773 1363 vestri
799 1324 1040 1374 praecincti,

210 1384 253 1420 et
287 1380 478 1420 lucernae
517 1378 723 1420 ardentes
761 1378 806 1418 in
838 1379 1040 1420 manibus

209 1436 383 1476 vestris:
400 1437 424 1462 *
437 1435 494 1476 Et
508 1447 587 1475 vos
607 1434 771 1475 similes
787 1434 1039 1475 hominibus

209 1490 568 1543 exspectantibus
619 1490 846 1531 dominum
897 1503 1040 1540 suum,

210 1546 385 1598 quando
403 1549 650 1587 revertatur
665 1559 690 1586 a
704 1546 881 1598 nuptiis.
902 1540 952 1592 V.
963 1545 1039 1590 Vi-

208 1602 342 1653 gilate
362 1615 480 1652 ergo,
501 1603 604 1653 quia
626 1603 805 1642 nescitis
824 1614 910 1653 qua
930 1601 1040 1642 hora

210 1658 426 1698 Dominus
455 1663 601 1699 vester
628 1661 840 1698 venturus
869 1658 936 1698 sit.
973 1658 1040 1698 Et.

215 1714 365 1754 Gloria
383 1714 515 1754 Patri.
548 1714 615 1755 Et.

266 1771 429 1812 Bened.
458 1769 525 1811 Ad
545 1770 814 1810 societatem.

516 1827 669 1868 Lectio
690 1828 744 1868 ix.

296 1885 314 1921 t
333 1893 413 1921 vos
435 1881 598 1922 similes
618 1881 869 1922 hominibus
889 1893 1041 1933 exspe-

302 1936 524 1978 ctantibus
534 1937 761 1977 deminum
769 1950 907 1986 suum,
917 1949 1043 1988 quan-

213 1993 271 2035 do
289 1995 536 2034 revertatur
553 2005 579 2032 a
594 1992 775 2044 nuptiis:
794 1998 842 2033 ut
857 2005 957 2033 cum
972 1995 1042 2033 ve-

212 2049 326 2090 nerit
346 2054 390 2089 et
408 2048 668 2100 pulsaverit,
693 2048 925 2089 confestim
943 2050 1041 2100 ape-

213 2105 326 2146 riant
358 2104 407 2145 ei.
447 2104 583 2145 Venit
617 2104 781 2156 quippe
811 2104 1042 2154 Dominus,

213 2173 312 2201 cum
332 2159 617 2211 adjudicium
642 2162 870 2212 properat:
895 2159 1042 2212 pulsat

212 2228 329 2264 vero,
349 2228 449 2256 cum
466 2217 551 2267 jam
565 2228 645 2268 per
660 2215 936 2266 aegritudinis
953 2228 1042 2256 mo-

213 2271 363 2312 lestias
390 2284 486 2313 esse
509 2277 698 2312 mortem
719 2272 906 2312 vicinam
931 2271 1041 2312 desi-

213 2332 327 2375 gnat.
368 2327 448 2368 Cui
479 2327 711 2368 confestim
740 2330 972 2379 aperimus,
1005 2328 1042 2368 si

214 2381 328 2423 hunc
348 2396 444 2423 cum
465 2385 615 2424 amore
631 2383 904 2435 suscipimus.
927 2383 1042 2435 Ape-

214 2439 300 2478 rire
319 2439 435 2479 enim
460 2439 592 2489 judici
617 2438 812 2491 pulsanti
831 2451 917 2479 non
938 2435 1042 2487 vult,

215 2493 289 2543 qui
320 2495 438 2535 exire
463 2494 518 2535 de
549 2497 736 2546 corpore
761 2494 970 2546 trepidat:
999 2501 1042 2536 et

215 2547 363 2589 videre
381 2562 490 2599 eum,
512 2563 641 2602 quem
659 2553 979 2602 contempsisse
995 2564 1042 2592 se

214 2604 427 2653 meminit,
463 2606 650 2655 judicem
684 2605 903 2647 formidat.
958 2607 1041 2656 Qui

215 2664 361 2700 autem
395 2659 450 2700 de
483 2674 559 2701 sua
593 2674 671 2714 spe
704 2667 747 2703 e‘t
783 2663 1042 2714 operatione

1101 265 1282 303 securus
1306 269 1390 312 est,
1416 263 1610 316 pulsanti
1635 262 1867 304 confestim
1891 265 1931 303 a·

1099 318 1230 368 perit,
1255 319 1356 370 quia
1373 319 1503 360 laetus
1523 318 1711 371 judicem
1732 318 1931 360 sustinet.

1099 372 1154 413 Et
1175 386 1275 414 cum
1294 379 1470 427 tempus
1491 376 1756 427 propinquae
1775 373 1931 416 mortis

1099 427 1342 479 advenerit,
1376 431 1431 471 de
1458 430 1600 481 gloria
1627 429 1931 471 retributionis

1098 483 1333 527 hilarescit.

1159 542 1218 582 Te
1238 541 1382 583 Deum
1399 541 1643 582 laudamus.
1663 542 1722 582 15.

1389 617 1468 657 Ad
1493 617 1692 658 Laudes

1308 684 1328 708 e
1346 678 1360 709 t
1397 685 1422 718 p
1441 685 1460 709 e
1478 685 1496 708 r
1533 673 1570 708 H
1587 684 1610 710 o
1627 685 1646 709 r
1663 686 1685 710 a
1703 685 1730 710 S.

1151 729 1252 770 Ant.
1272 731 1301 769 1.
1329 729 1518 770 Domine
1547 729 1740 781 quinque
1765 728 1931 771 talenta

1097 786 1121 812 *
1135 785 1359 826 tradidisti
1375 784 1495 825 mihi:
1515 797 1620 826 ecce
1635 785 1721 826 alia
1737 785 1930 837 quinque

1097 841 1427 893 superlucratus
1447 854 1556 881 sum.

1150 897 1219 938 Ps.
1256 897 1471 938 Dominus
1498 896 1708 948 regnavit.
1736 897 1797 937 16.

1149 953 1186 992 2.
1209 954 1330 1003 Euge
1350 965 1477 994 serve
1496 952 1623 1002 bone,
1642 952 1666 977 *
1685 952 1731 992 in
1749 951 1928 994 modico

1096 1008 1250 1057 fidelis,
1265 1009 1380 1049 intra
1392 1009 1435 1049 in
1447 1008 1656 1059 gaudium
1666 1008 1846 1049 Domini
1854 1008 1930 1049 tui.

1152 1065 1188 1104 3.
1220 1064 1383 1105 Fidelis
1412 1077 1566 1105 servus
1594 1064 1619 1089 *
1647 1069 1692 1105 et
1717 1063 1928 1116 prudens,

1097 1133 1227 1172 quem
1267 1121 1497 1161 constituit
1533 1120 1751 1161 Dominus
1794 1132 1928 1172 super

1095 1177 1305 1217 familiam
1327 1190 1461 1217 suam.

1150 1233 1187 1272 4.
1231 1233 1399 1273 Beatus
1431 1232 1506 1273 ille
1535 1245 1707 1281 servuS,
1738 1231 1762 1256 *
1795 1243 1926 1282 quem

1094 1301 1194 1329 cum
1214 1288 1384 1329 venerit
1403 1288 1622 1329 Dominus
1641 1289 1750 1339 ejus,
1773 1292 1817 1328 et
1834 1287 1927 1340 pul-

1094 1345 1259 1385 saverit
1285 1345 1475 1395 januam,
1503 1343 1720 1385 invenerit
1747 1343 1927 1394 vigilan-

1092 1404 1193 1441 tem.

1149 1456 1187 1495 5.
1215 1457 1351 1497 Serve
1370 1456 1486 1497 bone
1506 1457 1529 1481 ¹⁸¹
1550 1460 1594 1497 et
1620 1454 1781 1504 fidelis,
1812 1455 1926 1496 intra

1093 1512 1137 1552 in
1156 1511 1367 1562 gandium
1384 1512 1565 1553 Domini
1584 1512 1659 1553 tui.

1202 1570 1466 1624 Capitulum.
1617 1572 1750 1613 Eccli.
1768 1572 1826 1612 31.

1176 1634 1301 1673 eatus
1321 1632 1400 1682 vir,
1430 1633 1504 1684 qui
1524 1633 1728 1674 inventus
1747 1636 1815 1673 est
1832 1632 1925 1674 sine

1200 1687 1392 1728 macula:
1434 1693 1478 1729 et
1520 1689 1595 1740 qui
1629 1693 1735 1740 post
1771 1700 1927 1729 aurum

1093 1756 1182 1784 non
1201 1743 1325 1792 abiit,
1350 1756 1432 1784 nec
1457 1744 1652 1796 speravit
1674 1744 1720 1784 in
1738 1744 1926 1796 pecunia

1095 1804 1139 1840 et
1159 1799 1389 1840 thesauris.
1426 1800 1534 1850 Quis
1561 1805 1629 1841 est
1653 1799 1741 1849 hic,
1770 1804 1814 1840 et
1838 1799 1928 1841 lau-

1096 1854 1298 1896 dabimus
1327 1854 1448 1896 eum?
1479 1856 1583 1897 fecit
1612 1858 1728 1897 enim
1755 1855 1928 1897 mirabi-

1095 1910 1153 1951 lia
1172 1911 1216 1951 in
1237 1911 1328 1952 vita
1347 1924 1435 1952 sua.

1408 1966 1620 2016 Hymnus.

1195 2044 1272 2073 esu
1291 2034 1457 2074 corona
1476 2032 1646 2082 celsior,

1213 2088 1270 2129 Et
1289 2088 1452 2129 veritas
1472 2087 1714 2138 sublimior,

1174 2144 1259 2194 Qui
1278 2144 1509 2185 confitenti
1529 2144 1705 2185 servulo

1173 2199 1345 2241 Reddis
1364 2201 1559 2252 perenne
1577 2200 1824 2252 praemium:

1123 2263 1191 2305 Da
1211 2264 1478 2316 supplicanti
1498 2265 1646 2314 coetui,

1174 2320 1315 2371 Hujus
1334 2322 1502 2371 rogatu,
1525 2321 1647 2361 noxii

1174 2376 1498 2417 Remissionem
1519 2377 1725 2427 criminis,

1174 2431 1438 2484 Rumpendo
1458 2444 1620 2472 nexum
1639 2433 1812 2493 vinculi.

1122 2496 1238 2537 Anni
1258 2498 1436 2536 reverso
1456 2497 1668 2548 tempore,

1174 2552 1281 2592 Dies
1300 2551 1472 2592 refulsit
1491 2551 1665 2599 lumine,

1173 2609 1271 2658 Quo
1291 2607 1478 2648 Sanctus
1498 2607 1570 2648 hic
1589 2606 1645 2648 de
1665 2609 1853 2659 corpore

1173 2663 1378 2715 Migravit
1397 2663 1510 2704 inter
1530 2662 1686 2704 sidera.
