2028 2892
182 309 277 337 rum
310 296 476 335 eorum:
510 293 534 318 *
570 290 686 332 circa
720 286 1000 330 tabernacula

184 354 344 394 eorum.

235 408 290 448 Et
324 404 712 451 manducaverunt,
748 406 791 443 et
819 399 1001 441 saturati

186 468 284 505 sunt
311 462 456 509 nimis,
489 465 531 501 et
559 458 824 501 desiderium
853 459 1002 498 eerum

186 519 330 562 attulit
359 518 440 559 eis:
469 518 492 543 *
519 529 606 557 non
634 519 734 556 sunt
762 513 951 555 fraudati
979 525 1003 553 a

187 575 404 618 desiderio
434 586 525 615 suo.

237 631 395 674 Adhuc
415 643 528 672 escae
548 631 697 671 eorum
723 632 845 669 erant
864 626 907 666 in
927 637 1003 666 ore

188 690 400 741 ipsorum:
418 689 441 714 *
464 692 506 728 et
529 686 592 726 ira
612 685 694 725 Dei
716 682 912 725 ascendit
938 694 1004 722 su-

188 758 266 798 per
295 757 381 785 eos.

239 801 296 842 Et
323 799 485 841 occidit
512 798 694 851 pingues
723 798 884 844 eorum,
911 795 934 820 *
964 799 1006 835 et

191 858 354 899 electos
381 855 518 897 Israel
546 853 783 906 impedivit.

241 914 291 954 In
313 911 512 954 Omnibus
536 911 604 952 his
624 911 915 963 peccaverunt
935 907 1006 948 ad-

192 970 292 1011 huc:
319 971 342 996 *
371 974 413 1010 et
441 981 528 1009 non
556 967 834 1009 crediderunt
862 966 906 1005 in
933 964 1008 1005 mi-

192 1025 401 1067 rabilibus
430 1026 530 1077 ejus.

244 1083 299 1123 Et
329 1082 580 1123 defecerunt
616 1080 659 1120 in
692 1079 882 1120 vanitate
916 1077 1009 1119 dies

195 1141 359 1180 corum:
376 1140 399 1165 *
418 1142 461 1179 et
482 1138 581 1178 anni
605 1138 755 1178 eorum
779 1148 877 1176 cum
896 1134 1010 1175 festi-

195 1195 381 1236 natidne.

248 1251 356 1292 Cum
384 1249 604 1291 occideret
632 1262 729 1298 eOS‚
758 1247 1013 1300 quaerebant

197 1321 310 1350 eum:
337 1309 360 1334 *
390 1312 432 1348 et
460 1305 805 1354 revertebantur,
834 1309 877 1346 et
905 1303 1011 1345 dilu-

197 1364 296 1406 culo
324 1362 556 1405 veniebant
583 1362 639 1403 ad
669 1374 777 1403 eum.

249 1421 304 1461 Et
335 1419 612 1461 rememorati
641 1423 741 1459 sunt
766 1418 867 1469 quia
894 1418 1015 1458 Deus

199 1476 369 1529 adjutor
395 1480 462 1517 est
490 1476 654 1516 eorum:
682 1476 706 1502 *
727 1479 770 1516 et
797 1474 918 1515 Deus
947 1486 1015 1515 ex-

199 1533 340 1575 celsus
369 1531 620 1584 redemptor
650 1532 801 1572 eorum
830 1535 907 1572 est.

250 1590 306 1629 Et
332 1588 576 1629 dilexerunt
601 1600 698 1629 eum
724 1588 767 1627 in
794 1599 870 1628 ore
892 1588 1017 1636 suo‚*

203 1650 246 1686 et
273 1644 420 1695 lingua
447 1656 525 1684 sua
551 1644 721 1685 mentiti
749 1648 849 1684 sunt
877 1643 931 1685 ei:

254 1700 340 1742 Cor
368 1705 513 1741 autem
541 1702 691 1741 eorum
720 1712 807 1741 non
836 1704 929 1741 erat
955 1712 1018 1741 re-

204 1763 323 1799 ctum
350 1770 447 1798 cum
477 1768 542 1797 eo:
562 1758 584 1783 *
604 1768 684 1797 nec
708 1756 860 1797 fideles
880 1755 1019 1797 habiti

205 1818 305 1855 sunt
330 1813 373 1853 in
400 1814 664 1854 testamento
694 1814 794 1864 ejus.

256 1870 358 1922 Ipse
393 1873 537 1910 autem
579 1874 646 1910 est
680 1869 943 1919 misericors,
979 1874 1022 1910 et

206 1925 423 1979 propitius
443 1925 517 1967 fiet
535 1926 728 1977 peccatis
749 1928 914 1967 eorum:
933 1927 956 1952 *
980 1931 1022 1967 et

206 1994 293 2023 non
322 1981 547 2034 disperdet
574 1994 660 2023 eos.

259 2038 315 2079 Et
342 2037 580 2079 abundavit
606 2042 654 2079 ut
675 2040 891 2080 averteret
914 2038 1021 2079 iram

209 2107 345 2159 suam:
373 2095 397 2122 *
430 2099 473 2135 et
506 2106 593 2135 non
621 2094 820 2136 accendit
852 2107 1025 2137 omnem

209 2163 316 2191 lram
345 2163 483 2191 suam:

261 2207 316 2247 Et
361 2206 618 2248 recordatus
665 2211 731 2248 est
777 2208 877 2259 quia
924 2220 1026 2248 caro

212 2267 328 2303 sunt:
363 2264 385 2290 *
420 2263 598 2315 spiritus
636 2262 817 2313 vadens,
858 2268 901 2305 et
941 2277 1028 2305 non

213 2318 395 2360 rediens.

266 2375 447 2424 Quoties
471 2375 842 2417 exacerbaverunt
866 2389 964 2417 eum
986 2377 1030 2417 in

215 2430 407 2481 deserto,
438 2433 461 2458 ¹⁸¹
489 2432 532 2472 in
559 2432 669 2473 iram
702 2432 1031 2475 concitaverunt

217 2500 314 2528 eum
337 2487 380 2527 in
408 2487 646 2539 inaquoso?

268 2543 323 2583 Et
343 2544 541 2584 conversi
561 2549 672 2593 sunt,
693 2550 736 2586 et
755 2547 1032 2587 tentaverunt

217 2599 372 2696 lgeum:
387 2601 410 2626 *
429 2604 471 2640 et
491 2606 686 2642 sanctum
706 2601 841 2641 Israel
862 2614 1032 2643 exacer-

250 2657 440 2696 averunt.

269 2710 367 2752 Non
380 2716 479 2753 sunt
494 2712 713 2754 recordati
729 2726 882 2754 manus
899 2714 1000 2766 ejus,
1011 2716 1034 2740 *

179 200 232 235 80
724 200 831 234 Furia
859 198 988 241 quintu
1016 196 1061 229 ad
1091 192 1325 227 Matutinum.

180 244 1878 267 .———-———————————————-———-

1053 284 1124 325 die
1145 296 1230 335 qua
1256 282 1443 324 redemit
1469 293 1546 322 eos
1572 278 1628 321 de
1646 290 1779 319 manu
1803 277 1877 319 tri-

1053 340 1257 390 bulantis,

1104 397 1225 438 Sicut
1260 395 1409 449 posuit
1446 394 1490 435 in
1522 392 1719 444 AEgypto
1756 391 1880 443 signa

1055 467 1149 503 sua,
1184 455 1208 480 *
1235 458 1279 495 et
1306 450 1509 505 prodigia
1537 461 1616 490 sua
1649 448 1694 489 in
1721 460 1878 501 campo

1055 511 1243 552 Taneos.

1107 568 1164 608 Et
1192 564 1410 608 convertit
1443 563 1486 603 in
1515 561 1771 613 sanguinem
1803 560 1880 602 flu-

1056 624 1173 665 mina
1201 624 1367 671 e6rum,
1403 622 1426 647 *
1455 624 1498 661 et
1525 617 1688 659 imbres
1717 619 1880 667 eorum,

1057 694 1110 722 ne
1138 679 1350 722 biberent.

1109 736 1229 778 Misit
1269 735 1313 776 in
1360 746 1437 775 eos
1479 733 1788 784 coenomyiam,
1839 734 1883 771 et

1059 792 1249 835 comedit
1278 804 1371 833 eos:
1398 792 1421 817 *
1450 794 1493 831 et
1525 801 1692 838 ranam,
1725 791 1769 829 et
1797 786 1884 828 dis·
1916 791 1921 795 '

1058 849 1251 904 perdidit
1280 860 1367 889 eos.

1110 907 1166 948 Et
1187 904 1309 947 dedit
1331 902 1514 954 aerugini
1533 902 1702 943 fructus
1722 902 1885 949 eorum,

1060 966 1083 991 *
1112 968 1154 1005 et
1182 962 1356 1003 labores
1385 961 1538 1001 eorum
1562 958 1760 999 locustae.

1112 1020 1169 1061 Et
1206 1017 1369 1060 occidit
1405 1016 1449 1057 in
1484 1014 1696 1068 grandine
1737 1015 1887 1055 vineas

1063 1079 1224 1125 eorum,
1241 1077 1264 1102 *
1277 1079 1320 1116 et
1330 1085 1480 1115 moros
1498 1074 1650 1114 eorum
1663 1071 1709 1112 in
1720 1072 1888 1124 pruina.

1114 1134 1172 1174 Et
1221 1130 1405 1173 tradidit
1453 1127 1654 1181 grandini
1699 1128 1892 1180 jumenta

1066 1192 1231 1231 eorum:
1259 1190 1282 1215 *
1311 1192 1354 1229 et
1381 1186 1711 1240 possessi6nem
1739 1185 1892 1226 eorum

1066 1247 1165 1299 igni.

1117 1303 1237 1344 Misit
1265 1302 1309 1342 in
1339 1313 1416 1343 eos
1445 1300 1556 1341 iram
1578 1295 1893 1350 indignatiOnis

1068 1373 1176 1401 suae:
1196 1361 1219 1386 *
1240 1357 1599 1410 indignationem,
1628 1359 1672 1397 et
1698 1354 1820 1404 iram,
1849 1356 1894 1395 et

1067 1416 1412 1458 tribulationem:
1426 1413 1720 1455 immissiones
1729 1422 1810 1464 per
1821 1411 1893 1451 an·
1931 1423 1938 1428 ·

1069 1473 1192 1525 gelos
1220 1471 1372 1513 malos.

1120 1530 1251 1571 Viam
1269 1528 1374 1570 fecit
1392 1527 1561 1569 semitae
1581 1526 1659 1567 irae
1679 1536 1784 1574 suae,
1806 1534 1897 1564 non

1070 1586 1268 1639 pepercit
1289 1598 1314 1626 a
1328 1589 1472 1626 morte
1487 1581 1717 1625 animabus
1733 1582 1897 1629 eorum,

1071 1646 1094 1670 *
1115 1648 1158 1685 et
1177 1643 1368 1695 jumenta
1393 1643 1546 1683 eorum
1569 1640 1614 1680 in
1633 1642 1777 1680 morte
1796 1648 1897 1678 con-

1073 1699 1213 1741 clusit.

1125 1756 1181 1797 Et
1215 1755 1434 1808 percussit
1470 1765 1599 1796 omne
1634 1749 1899 1805 primogeni-

1073 1818 1167 1855 tum
1193 1812 1237 1853 in
1265 1816 1382 1853 terra
1409 1810 1608 1863 AEgypti:
1631 1810 1656 1837 *
1682 1806 1899 1862 primitias

1076 1869 1216 1911 omnis
1230 1868 1394 1910 laboris
1412 1870 1564 1910 eorum
1582 1866 1628 1907 in
1645 1864 1900 1908 tabernacu-

1075 1926 1129 1967 lis
1158 1925 1305 1967 Cham.

1128 1982 1184 2024 Et
1213 1981 1394 2023 abstulit
1419 1980 1533 2022 sicut
1560 1992 1667 2022 oves
1686 1977 1902 2032 pepulum

1079 2052 1220 2080 suum:
1235 2040 1258 2066 *
1275 2043 1318 2080 et
1345 2037 1561 2091 perduxit·
1582 2048 1659 2079 eos
1677 2041 1903 2087 tamquam

1079 2108 1254 2146 gregem
1282 2095 1326 2135 in
1355 2094 1544 2136 deserto.

1132 2152 1188 2193 Et
1216 2151 1399 2193 deduxit
1433 2163 1508 2192 eos
1536 2150 1580 2191 in
1613 2161 1708 2202 spe,
1741 2152 1785 2191 et
1815 2159 1904 2188 non

1080 2208 1335 2249 timuerunt:
1369 2209 1392 2234 *
1428 2212 1471 2248 et
1511 2206 1710 2247 inimicos
1753 2206 1905 2247 eorum

1082 2265 1254 2317 operuit
1280 2276 1410 2305 mare.

1133 2322 1190 2362 Et
1205 2320 1377 2362 induxit
1389 2333 1464 2362 eos
1482 2321 1525 2362 in
1540 2325 1734 2362 montem
1750 2318 1906 2361 sancti-

1083 2377 1300 2419 ficationis
1339 2390 1444 2428 suae,
1473 2379 1496 2405 *
1529 2382 1740 2427 montem,
1775 2388 1907 2428 quem

1085 2434 1318 2486 acquisivit
1345 2432 1525 2475 dextera
1554 2435 1655 2486 ejus.

1138 2491 1194 2531 Et
1209 2490 1335 2542 ejecit
1349 2502 1374 2530 a
1389 2489 1499 2531 facie
1520 2492 1672 2531 eorum
1692 2489 1908 2531 Gentesz*

1086 2551 1129 2587 et
1158 2551 1278 2587 sorte
1307 2545 1456 2587 divisit
1485 2546 1548 2587 eis
1574 2552 1738 2588 terram
1769 2546 1813 2586 in
1845 2544 1908 2585 fu-

1086 2602 1230 2644 niculo
1259 2601 1592 2643 distributionis.

1138 2660 1194 2700 Et
1214 2658 1412 2699 habitare
1432 2658 1534 2699 fecit
1552 2659 1597 2699 in
1615 2657 1909 2700 tabernaculis

1089 2717 1239 2756 eorum
1267 2716 1290 2741 *
1317 2713 1458 2757 tribus
1485 2715 1632 2756 Israel.
