2066 2956
400 1159 721 1210 OFFICIUM
752 1157 1039 1208 PARVUM
1070 1156 1129 1205 B.
1161 1154 1400 1204 MARIAE
1434 1153 1614 1203 VIRG.

905 1242 1114 1253 ffirko-‹w—oss

206 1316 294 1351 Non
317 1314 467 1355 dicitur,
489 1310 645 1355 quando
664 1311 706 1344 fit
722 1309 898 1344 Officium
914 1320 979 1343 no-

155 1374 243 1398 vem
261 1363 502 1403 Lectionum,
525 1369 595 1394 nec
620 1359 658 1392 in
676 1358 799 1392 Feriis
823 1358 979 1400 maj0ris

156 1410 439 1450 Hebdomadae,
472 1418 543 1442 nec
576 1407 675 1441 infra
712 1406 878 1440 Octavas
911 1406 980 1439 Pa—

156 1460 261 1494 schae
291 1463 327 1493 et
349 1458 598 1492 Pentecostes
623 1465 692 1489 nec
724 1454 763 1488 in
789 1454 980 1495 sabbatis,

157 1507 311 1552 quando
326 1506 367 1540 fit
380 1505 557 1540 Officium
571 1504 618 1538 de
634 1503 667 1538 S.
682 1502 813 1537 Maria.
832 1502 980 1542 Quibus

157 1556 294 1591 diebus
324 1554 511 1588 omittitur
539 1563 561 1586 a
590 1552 616 1586 Ι.
642 1550 837 1594 Vesperis.
885 1549 980 1584 Cum

157 1603 298 1639 dicitur
314 1602 353 1637 in
372 1601 511 1643 Choro‚
529 1601 567 1634 in
584 1599 783 1634 Matutinis
802 1602 838 1633 et
856 1598 895 1632 in
909 1597 981 1631 Vc-

158 1652 282 1696 speris
306 1650 546 1695 praeponitur
563 1647 699 1683 Officio
717 1647 813 1685 diei:
838 1647 876 1681 in
895 1646 981 1680 aliis

157 1700 275 1735 Horis
296 1698 553 1742 postponitur.
586 1695 715 1730 Prima
734 1696 874 1730 dicitur
893 1700 983 1738 post

158 1748 435 1784 Benedicamus
453 1746 631 1790 Demino,
659 1748 864 1788 antequam
881 1743 983 1786 lega-

158 1802 219 1832 tur
232 1794 559 1840 Martyrologium.
582 1793 701 1828 Extra
715 1792 884 1827 Chorum
900 1796 983 1835 pot-

159 1848 217 1879 est
241 1843 319 1879 dici
342 1853 413 1888 pro
437 1841 622 1886 temporis
648 1840 946 1885 opportunitate.

261 1938 502 1989 Officium
529 1937 589 1986 B.
611 1935 795 1985 Mariae
817 1933 879 1983 V.

199 2007 358 2043 extra
389 2001 628 2053 Tempus
659 1997 943 2040 Paschalej

390 2072 468 2116 Ad
487 2075 749 2125 vesperas.

220 2134 297 2169 Ave
313 2133 443 2168 Maria.
463 2135 621 2173 secreto,
640 2140 726 2174 quae
745 2130 816 2165 dic.
835 2140 986 2174 semper

161 2182 200 2216 in
217 2180 410 2226 principio
430 2178 599 2213 omnium
615 2178 807 2212 Horarum
824 2177 865 2212 B.
880 2177 927 2212 M.
940 2177 984 2211 V.

162 2230 317 2273 quando
341 2238 417 2262 non
442 2227 723 2270 coniunguntur
746 2236 829 2260 curn
849 2225 984 2259 Officio

162 2278 248 2311 diei.

214 2321 263 2373 V.
288 2326 409 2366 Deus
427 2325 471 2365 in
492 2323 762 2376 adjuterium.
789 2322 848 2362 15.

213 2388 262 2427 In
283 2388 401 2436 cuius
420 2386 504 2427 fine
525 2387 641 2426 Laus
660 2383 740 2425 tibi
758 2384 866 2433 Dfie,
885 2382 983 2423 Rex

161 2445 338 2484 aeternae
353 2442 514 2494 gloriae.
528 2456 610 2495 per
620 2448 757 2483 totam
770 2442 985 2491 Quadrag.

216 2504 313 2546 Ant.⁷
327 2504 398 2541 Ps„
414 2504 536 2547 Capit.
551 2508 587 2538 ct
602 2504 740 2547 Hymn.
754 2507 794 2536 ut
809 2503 845 2536 in
860 2503 985 2536 chtis

164 2553 204 2587 B.
229 2554 275 2588 M.
298 2555 341 2589 V.
363 2551 454 2599 [152]

216 2598 265 2649 V.
294 2603 463 2644 Diffusa
499 2607 566 2644 est
601 2602 741 2653 gratia
776 2601 820 2641 in
854 2599 982 2641 labiis

161 2659 258 2700 tuis.
310 2660 360 2711 R.
396 2660 638 2712 Propterea
676 2656 901 2700 benedixit
938 2661 982 2697 te

161 2715 282 2756 Deus
308 2715 353 2757 in
380 2717 601 2757 aeternum.
983 2719 986 2723 “

1086 1307 1156 1348 Ad
1176 1308 1347 1358 Magnis.
1369 1308 1466 1348 Ant.
1497 1307 1634 1347 Beata
1656 1305 1811 1356 Mater,
1834 1306 1857 1332 *

1033 1369 1076 1406 et
1102 1365 1266 1406 intecta
1288 1364 1443 1414 Virgo,
1473 1362 1665 1414 gloriosa
1690 1362 1858 1413 Regina

1031 1421 1194 1470 mundi,
1213 1419 1435 1462 intercede
1451 1432 1533 1472 pro
1552 1418 1679 1460 nobis
1699 1418 1755 1460 ad
1769 1419 1856 1459 Do-

1031 1491 1204 1518 minum.

1086 1538 1217 1590 Kyrie
1250 1537 1425 1579 eleison.
1479 1535 1652 1577 Christe
1682 1535 1857 1577 eleison.

1037 1595 1167 1647 Kytie
1187 1594 1362 1636 eleison.

1090 1652 1138 1703 Y.
1174 1655 1389 1698 Deminus
1425 1654 1663 1696 vobiscum.

1035 1726 1133 1754 cum
1153 1712 1307 1765 spiritu
1325 1717 1415 1753 tuo.

1038 1840 1280 1949 Concede
1299 1784 1587 1884 nosofgffiffios
1608 1845 1719 1890 tuos,
1744 1842 1859 1893 quae-

1126 1913 1274 1941 sumus
1292 1898 1479 1940 Domine
1498 1899 1629 1947 Deus,
1647 1898 1860 1950 perpetua

1723 1658 1771 1707 n.
1803 1652 1859 1693 Et

1034 1957 1193 1999 mentis
1227 1961 1271 1998 et
1304 1955 1504 2008 corporis
1542 1954 1726 1996 sanitate
1759 1966 1859 2004 gau-

1036 2013 1152 2055 dere:
1168 2018 1211 2055 et
1224 2012 1418 2063 gloriosa
1430 2011 1574 2053 beatae
1585 2010 1735 2051 Mariae
1751 2021 1859 2050 sem-

1035 2082 1114 2122 per
1135 2068 1328 2120 Virginis
1350 2067 1678 2116 intercessic'me,
1702 2078 1727 2106 a
1750 2071 1859 2118 prae-

1037 2126 1148 2167 senti
1177 2125 1356 2167 liberari
1391 2123 1586 2172 tristitia,
1623 2127 1666 2164 et
1697 2123 1861 2163 aeterna

1035 2182 1200 2235 perfrui
1219 2181 1381 2223 laetitia.
1407 2181 1492 2221 Per
1510 2179 1756 2220 Deminum.

1090 2264 1263 2308 Sequens
1296 2265 1500 2299 Commcm.
1537 2274 1607 2307 pro
1639 2264 1788 2299 Sanctis
1822 2266 1861 2299 fit

1038 2315 1183 2346 tantum
1208 2314 1257 2348 ad
1282 2314 1396 2357 Vesp.
1422 2318 1458 2347 et
1482 2313 1633 2347 Laudes
1660 2312 1698 2346 in
1724 2312 1858 2348 Officio

1037 2360 1072 2394 S.
1100 2360 1241 2396 Mariae.

1089 2424 1186 2466 Ant.
1217 2422 1364 2464 Sancti
1390 2421 1472 2463 Dei
1502 2432 1652 2462 omnes
1677 2420 1857 2461 interce-

1037 2479 1141 2521 dere
1173 2477 1406 2530 dignemini
1433 2489 1514 2530 pro
1547 2481 1698 2518 nostra
1725 2477 1857 2518 omni-

1035 2539 1196 2589 umque
1215 2535 1365 2577 salute.

1090 2598 1140 2650 V.
1163 2599 1391 2641 Laetamini
1415 2598 1459 2639 in
1482 2597 1688 2649 Domino,
1718 2603 1762 2640 et
1787 2611 1856 2639 ex-

1036 2656 1195 2698 sultate
1222 2655 1333 2708 justi.
1378 2659 1427 2709 R.
1458 2654 1515 2696 Et
1540 2654 1785 2705 gloriamini
1813 2667 1856 2696 o-

1034 2725 1156 2754 mnes
1174 2711 1283 2753 recti
1302 2710 1446 2752 corde.
