2066 2956
629 176 698 211 l)ic
729 178 774 210 ll.
803 177 910 211 Febr.
957 180 991 211 S.
1018 178 1179 212 Anthcri
1207 178 1325 221 Papae
1351 185 1386 213 ct
1412 179 1518 213 Mart.

208 267 377 310 haerere
397 267 589 319 deberet,
608 274 653 311 et
671 269 784 320 inde,
804 269 1039 323 suffragan-

209 324 325 366 tibus
340 325 466 422 {rotis
485 325 783 368 sacerdotium
797 328 1040 380 promereri

208 393 342 432 posse
364 412 372 421 .

207 499 387 547 tentem,
433 502 478 539 et
523 498 713 541 exaltavi
757 499 948 542 electum
984 500 1039 542 de

207 552 337 604 plebe
378 566 492 595 mea:
522 558 543 582 *
586 555 743 597 Manus
785 556 901 598 enim
941 569 1040 598 mea

207 609 487 652 auxiliabitur
516 611 566 652 ei.
628 609 678 661 Y.
702 612 855 653 Inveni
882 612 1040 663 David,

207 677 383 706 servum
415 679 582 717 meum,
618 668 718 710 oleo
753 674 906 711 sancto
938 682 1038 711 meo

206 722 310 762 unxi
335 735 445 764 eum.
486 723 653 766 Manus.

512 796 662 836 Lectio
685 798 734 836 vi.

273 853 435 895 ancivit
452 858 501 895 ut
520 853 695 896 diaconi
716 854 853 896 laevas
870 855 1036 897 linosti-

281 909 363 950 mis
381 910 509 962 pallis
524 913 734 962 tegerent,
752 914 1036 964 potestatem—

206 978 291 1018 que
310 966 413 1008 fecit
431 971 479 1008 ut
498 980 579 1019 per
601 967 835 1020 parochias
853 968 1036 1021 pascha-

204 1022 257 1063 lis
303 1025 456 1064 cereus
505 1023 851 1067 benediceretur.
912 1025 1039 1068 Cavit

203 1081 420 1132 praeterea
443 1093 498 1122 ne
525 1080 685 1123 clerico
708 1082 918 1135 poculum
936 1095 1036 1135 pro-

203 1136 430 1187 pinaretur
454 1137 499 1177 in
517 1137 712 1189 publico,
739 1141 1037 1191 praeterquam

204 1192 248 1232 in
265 1191 461 1233 fidelium
480 1194 616 1243 cellis,
643 1199 687 1236 et
704 1195 894 1236 maxime
915 1195 1037 1237 cleri-

205 1250 368 1290 corum.
422 1250 506 1300 Qui
539 1263 639 1291 cum
671 1251 944 1293 sanctissime
972 1265 1035 1294 re-

203 1306 341 1346 xisset
388 1305 635 1348 Ecclesiam
679 1320 840 1348 annum
883 1322 1037 1359 unum,

203 1373 378 1403 menses
401 1365 601 1415 quatuor,
622 1363 715 1405 dies
736 1369 919 1416 septem,
945 1366 1036 1417 qui-

204 1417 291 1459 evit
309 1417 353 1458 in
371 1431 497 1470 pace,
522 1420 811 1472 sepultusque
831 1426 899 1463 est
917 1422 1038 1474 juxta

203 1486 366 1526 corpus
397 1476 537 1518 sancti
568 1477 792 1519 Laurentii
819 1478 1036 1531 Martyris,

203 1530 274 1571 via
305 1530 552 1583 Tiburtina,
586 1533 778 1586 septimo
809 1534 1037 1577 Kalendas

202 1586 413 1638 Januarii,
453 1588 656 1631 Honorio
698 1595 742 1632 et
778 1590 1036 1633 Theodosio

201 1642 369 1694 juniore
405 1644 735 1698 imperantibus.
789 1647 888 1689 Una
922 1647 1035 1690 ordi-

202 1699 378 1741 natione
415 1714 566 1743 mense
598 1702 835 1745 Decembri
870 1705 1037 1747 creavit

203 1755 491 1808 presbyteros
511 1757 680 1810 decem,
700 1759 915 1802 diaconos
933 1767 1036 1811 tres,

203 1813 438 1865 episcopos
456 1826 536 1866 per
557 1814 731 1857 diversa
749 1816 848 1858 loca
868 1822 983 1860 octo.

256 1878 305 1929 Rg.
331 1873 422 1916 Iste
446 1880 514 1916 est
533 1875 618 1927 qui.

259 1956 297 1989 In
326 1956 386 1990 111.
412 1957 610 1991 Noc-turno
635 1958 801 1991 Humilia
830 1959 866 1991 iu
890 1958 1035 2000 Evang.

206 2003 331 2037 Homo
349 2003 521 2047 peregre.
545 2006 590 2039 dc
615 2007 749 2039 emit-m
770 2007 875 2040 (jorn.
897 2007 923 2040 l.
939 2007 1035 2041 loco.

256 2061 387 2094 Lectio
419 2062 466 2095 ix.
499 2062 544 2096 dc
572 2063 740 2096 Homilizl
773 2070 808 2097 ct
839 2075 1035 2098 commem.

206 2109 326 2142 Furiae
360 2116 395 2143 ct
425 2112 459 2143 S.
486 2111 708 2153 Apolloni&
732 2111 836 2152 Yirg.
865 2112 970 2146 Mart.
998 2113 1033 2146 in

205 2157 411 2190 Laudibus

415 2241 499 2283 Die
519 2243 571 2283 11.
588 2242 827 2285 Februarii.

291 2313 333 2354 S.
357 2314 575 2356 Antheri
594 2319 729 2369 Papae
754 2324 798 2359 et
823 2321 947 2362 Mart.

539 2388 701 2432 Duplex.

258 2446 391 2481 Omnia
418 2449 463 2483 (lc
486 2451 686 2485 Communi
714 2452 827 2486 unius
853 2453 1034 2497 Martyris

205 2500 345 2537 practer
369 2507 473 2538 sequ.

258 2546 399 2579 Oratio.
430 2547 697 2584 Infirmitatem.

261 2596 304 2629 let
328 2598 364 2630 lit
387 2608 582 2633 commem.
606 2600 738 2634 Feriam

262 2651 299 2684 In
331 2652 352 2686 l.
381 2653 576 2687 Not-turno
605 2656 806 2691 Lectiones
832 2660 862 2692 A
891 2658 1034 2693 Mileto.

206 2699 252 2733 dc
279 2701 413 2733 codem
440 2701 640 2737 Communi
672 2706 695 2739 1.
723 2707 818 2739 loco.

1326 275 1376 315 In
1403 276 1453 316 II.
1482 276 1706 317 Noctumo.
1767 319 1770 321 ,

1397 342 1552 383 Lectio
1574 343 1627 384 iv.

1223 482 1226 484 ψ
1264 462 1332 499 tre
1356 458 1565 510 Romulo,
1599 466 1704 513 post
1728 469 1929 505 sanctum

1117 521 1206 538 ⁷-2
1264 513 1531 556 Pontianum
1562 516 1719 560 Romae
1757 519 1928 562 ordina-

1093 574 1165 610 tus
1185 574 1252 611 est
1271 572 1522 624 episcopus.
1555 573 1599 614 Is
1621 579 1747 624 gesta
1766 575 1927 629 Marty-

1093 638 1191 666 rum
1210 625 1442 677 diligenter
1465 641 1491 669 a
1509 629 1691 671 notariis
1711 632 1928 685 conquisi-

1093 681 1166 731 vit,
1186 694 1238 723 ac
1256 682 1299 723 in
1318 683 1518 726 Ecclesia
1536 685 1796 730 recondidit.
1822 688 1928 731 Pro-

1093 742 1193 790 pter
1220 751 1317 780 eam
1344 752 1523 782 causam
1550 755 1576 783 a
1598 743 1792 786 Maximo
1816 758 1927 798 prae-

1092 794 1208 836 fecto
1228 796 1437 849 martyrio
1462 801 1701 841 coronatus
1726 805 1811 851 est,
1844 803 1927 843 ter-

1091 850 1155 892 tio
1174 850 1327 893 Nonas
1346 853 1371 893 J
1373 854 1557 904 anuarii,
1576 855 1865 909 sepultusque
1883 858 1927 899 in

1093 908 1349 950 coemeterio
1373 909 1550 960 Callisti,
1570 911 1641 953 via
1660 912 1818 966 Appia,
1837 914 1926 955 Ma-

1091 963 1255 1006 ximino
1278 966 1488 1019 principe.
1526 967 1663 1010 Unica
1690 968 1926 1013 ordinatio-

1091 1032 1146 1061 ne
1165 1033 1317 1062 mense
1335 1022 1573 1066 Decembri
1597 1023 1819 1068 ordinavit
1838 1029 1926 1080 epi-

1092 1089 1279 1129 scopum
1293 1078 1520 1121 Fundanae
1539 1081 1729 1124 civitatis
1742 1082 1787 1123 in
1803 1082 1926 1125 Cam-

1091 1133 1233 1185 pania.
1285 1134 1408 1177 Sedit
1438 1136 1483 1177 in
1514 1138 1775 1190 pontificatu
1806 1152 1923 1181 men-

1091 1202 1185 1231 sem
1202 1203 1348 1240 unum‚
1369 1191 1465 1234 dies
1485 1192 1732 1236 duedecim.

1147 1256 1197 1307 R:-
1220 1251 1470 1295 Honestum
1489 1254 1592 1296 fecit
1609 1254 1733 1296 illum
1751 1256 1856 1307 Diis,
1881 1262 1927 1299 et

1091 1307 1332 1350 custodivit
1347 1322 1448 1351 eum
1462 1310 1519 1352 ab
1535 1310 1732 1362 inimicis,
1754 1318 1798 1355 et
1818 1326 1845 1354 a
1859 1326 1925 1355 se-

1090 1361 1348 1407 ductoribus
1363 1367 1523 1409 tutavit
1537 1367 1676 1409 illum:
1699 1368 1788 1411 *Et
1802 1368 1926 1412 dedit

1089 1419 1151 1460 illi
1171 1420 1415 1464 claritatem
1431 1425 1652 1465 aeternam.
1675 1420 1924 1472 Α17])080011-

1091 1475 1244 1529 ditque
1280 1491 1380 1520 cum
1413 1479 1490 1521 illo
1526 1480 1570 1521 in
1603 1481 1795 1532 foveam,
1817 1487 1862 1525 et
1878 1482 1924 1524 in

1089 1534 1274 1575 vinculis
1294 1548 1383 1577 non
1402 1535 1638 1589 dereliquit
1657 1550 1767 1580 eum.
1794 1539 1863 1581 Et.

1099 1611 1256 1650 Sermo
1276 1610 1413 1651 sancti
1435 1610 1670 1662 Augustini
1688 1612 1910 1667 Episcopi.

1189 1676 1306 1710 Serm.
1328 1677 1402 1711 138.
1428 1677 1485 1711 Dc
1504 1678 1646 1713 Verbis
1664 1679 1831 1715 Domini.

1406 1734 1559 1774 Lectio
1580 1749 1618 1774 v.

1174 1795 1297 1832 astor
1316 1791 1460 1834 bonus
1477 1792 1689 1836 Christus.
1712 1795 1829 1846 Quid
1843 1795 1921 1839 Pe-

1183 1845 1300 1888 trus?
1315 1860 1461 1890 nonne
1470 1849 1614 1891 bonus
1624 1850 1802 1903 pastor?
1816 1865 1922 1895 non-

1087 1916 1143 1945 ne
1170 1909 1214 1946 et
1236 1904 1334 1957 ipse
1360 1905 1549 1948 animam
1574 1920 1699 1949 suam
1723 1921 1807 1961 pro
1834 1910 1923 1952 ovi-

1087 1959 1171 2001 bus
1207 1961 1379 2013 posuit?
1425 1963 1542 2013 Quid
1575 1963 1762 2007 Paulus?
1808 1965 1924 2017 Quid

1089 2017 1224 2058 ceteri
1241 2017 1473 2071 Apostoli?
1503 2019 1620 2070 Quid
1644 2023 1797 2063 eorum
1815 2023 1922 2064 tem-

1089 2085 1201 2125 pora
1229 2077 1550 2127 consequentes
1578 2076 1697 2119 beati
1724 2079 1924 2133 episcopi

1088 2129 1330 2183 Martyres?
1360 2132 1476 2183 Quid
1496 2133 1628 2175 etiam
1644 2134 1729 2177 iste
1745 2140 1923 2178 sanctus

1090 2186 1336 2229 Antherus?
1364 2188 1523 2231 Nonne
1547 2203 1700 2233 omnes
1718 2195 1923 2245 pastores

1089 2242 1211 2294 boni,
1243 2257 1332 2286 non
1363 2247 1639 2298 mercenarii,
1676 2246 1733 2290 de
1765 2248 1923 2301 quibus

1089 2298 1265 2342 dicitur:
1297 2301 1440 2343 Amffli
1466 2301 1568 2345 dico
1593 2304 1740 2354 vobis,
1774 2318 1923 2358 perce-

1088 2357 1248 2408 perunt
1279 2357 1532 2400 mercedem
1564 2359 1711 2402 suam?
1758 2361 1923 2404 Omnes

1089 2424 1195 2463 ergo
1219 2413 1281 2454 illi
1300 2416 1504 2466 pastores
1524 2415 1646 2467 boni,
1669 2429 1759 2459 non
1781 2417 1924 2459 solum

1089 2469 1190 2520 quia
1211 2470 1467 2521 sanguinem
1485 2470 1701 2523 fuderunt,
1722 2473 1802 2515 sed
1821 2474 1924 2526 quia

1088 2537 1170 2576 pro
1191 2525 1347 2568 ovibus
1366 2526 1583 2570 fuderunt.
1610 2529 1713 2571 NOn
1731 2530 1846 2572 enim
1860 2530 1923 2572 fu-

1089 2580 1247 2623 derunt
1266 2582 1465 2634 elatione,
1486 2584 1566 2627 sed
1585 2586 1779 2628 caritate.

1144 2644 1194 2694 Rg.
1226 2643 1508 2686 Desiderium
1541 2646 1700 2688 animae
1729 2649 1820 2700 ejus
1848 2648 1922 2690 tri-

1087 2697 1223 2740 buisti
1255 2699 1296 2741 ei
1322 2700 1528 2752 Domine,
1561 2703 1583 2726 *
1609 2703 1667 2744 Et
1694 2703 1923 2747 voluntate

1106 414 1158 447 5.st
1249 399 1441 451 ntheruS,
1455 403 1635 446 natione
1651 404 1847 458 Graecus,
1861 421 1930 461 pa·
1998 443 2001 447 .

261 444 310 494 Rg.
336 441 470 483 Posui
502 441 766 494 adjutorium
798 456 931 496 super
963 458 1039 497 po·
1105 451 1111 486 3
