<?xml version="1.0" encoding="UTF-8"?>
<!DOCTYPE html PUBLIC "-//W3C//DTD XHTML 1.0 Transitional//EN"
    "http://www.w3.org/TR/xhtml1/DTD/xhtml1-transitional.dtd">
<html xmlns="http://www.w3.org/1999/xhtml" xml:lang="en" lang="en">
 <head>
  <title>
</title>
<meta http-equiv="Content-Type" content="text/html;charset=utf-8" />
  <meta name='ocr-system' content='tesseract 3.04.00' />
  <meta name='ocr-capabilities' content='ocr_page ocr_carea ocr_par ocr_line ocrx_word'/>
</head>
<body>
  <div class='ocr_page' id='page_1' title='image "./p2breviariumroma00cathuoft_0578.png"; bbox 0 0 2066 2904; ppageno 0'>
   <div class='ocr_carea' id='block_1_1' title="bbox 195 186 1581 236">
    <p class='ocr_par' dir='ltr' id='par_1_1' title="bbox 195 186 1581 236">
     <span class='ocr_line' id='line_1_1' title="bbox 195 186 1581 236; baseline -0.002 -14"><span class='ocrx_word' id='word_1_1' title='bbox 195 192 243 236; x_wconf 86' lang='lat'>[6]</span> <span class='ocrx_word' id='word_1_2' title='bbox 529 190 738 223; x_wconf 67' lang='lat' dir='ltr'>Commune</span> <span class='ocrx_word' id='word_1_3' title='bbox 765 188 1042 230; x_wconf 67' lang='lat' dir='ltr'>Apostolorum</span> <span class='ocrx_word' id='word_1_4' title='bbox 1070 191 1176 220; x_wconf 70' lang='lat' dir='ltr'>extra</span> <span class='ocrx_word' id='word_1_5' title='bbox 1203 192 1354 230; x_wconf 66' lang='lat' dir='ltr'>tempus</span> <span class='ocrx_word' id='word_1_6' title='bbox 1381 186 1581 220; x_wconf 53' lang='lat' dir='ltr'>Pus-chalc.</span> 
     </span>
    </p>
   </div>
   <div class='ocr_carea' id='block_1_2' title="bbox 190 245 1913 262">
    <p class='ocr_par' dir='ltr' id='par_1_2' title="bbox 190 245 1913 262">
     <span class='ocr_line' id='line_1_2' title="bbox 190 245 1913 262; baseline 0 2642"><span class='ocrx_word' id='word_1_7' title='bbox 190 245 1913 262; x_wconf 95' lang='lat' dir='ltr'> </span> 
     </span>
    </p>
   </div>
   <div class='ocr_carea' id='block_1_3' title="bbox 192 283 1024 2011">
    <p class='ocr_par' dir='ltr' id='par_1_3' title="bbox 194 283 1023 449">
     <span class='ocr_line' id='line_1_3' title="bbox 247 283 1022 334; baseline -0.004 -7"><span class='ocrx_word' id='word_1_8' title='bbox 247 285 364 327; x_wconf 90' lang='lat' dir='ltr'>Audi</span> <span class='ocrx_word' id='word_1_9' title='bbox 386 285 485 334; x_wconf 85' lang='lat' dir='ltr'>filia,</span> <span class='ocrx_word' id='word_1_10' title='bbox 508 289 552 326; x_wconf 88' lang='lat' dir='ltr'>et</span> <span class='ocrx_word' id='word_1_11' title='bbox 570 284 682 333; x_wconf 85' lang='lat' dir='ltr'>vide,</span> <span class='ocrx_word' id='word_1_12' title='bbox 702 289 747 325; x_wconf 90' lang='lat' dir='ltr'>et</span> <span class='ocrx_word' id='word_1_13' title='bbox 770 283 929 325; x_wconf 90' lang='lat' dir='ltr'>inclina</span> <span class='ocrx_word' id='word_1_14' title='bbox 952 296 1022 324; x_wconf 88' lang='lat' dir='ltr'>au-</span> 
     </span>
     <span class='ocr_line' id='line_1_4' title="bbox 195 339 1023 393; baseline -0.006 -9"><span class='ocrx_word' id='word_1_15' title='bbox 195 356 286 384; x_wconf 91' lang='lat' dir='ltr'>rem</span> <span class='ocrx_word' id='word_1_16' title='bbox 304 347 438 383; x_wconf 86' lang='lat' dir='ltr'>tuam:</span> <span class='ocrx_word' id='word_1_17' title='bbox 448 342 472 366; x_wconf 79' lang='grc'><em>*</em></span> <span class='ocrx_word' id='word_1_18' title='bbox 483 346 527 382; x_wconf 90' lang='lat' dir='ltr'>et</span> <span class='ocrx_word' id='word_1_19' title='bbox 538 340 798 382; x_wconf 85' lang='lat' dir='ltr'>obliviscere</span> <span class='ocrx_word' id='word_1_20' title='bbox 811 339 1023 393; x_wconf 92' lang='lat' dir='ltr'>populum</span> 
     </span>
     <span class='ocr_line' id='line_1_5' title="bbox 194 397 872 449; baseline -0.003 -10"><span class='ocrx_word' id='word_1_21' title='bbox 194 404 327 447; x_wconf 89' lang='lat' dir='ltr'>tuum,</span> <span class='ocrx_word' id='word_1_22' title='bbox 356 403 399 439; x_wconf 89' lang='lat' dir='ltr'>et</span> <span class='ocrx_word' id='word_1_23' title='bbox 427 397 606 439; x_wconf 92' lang='lat' dir='ltr'>domum</span> <span class='ocrx_word' id='word_1_24' title='bbox 633 397 771 449; x_wconf 84' lang='lat' dir='ltr'>patris</span> <span class='ocrx_word' id='word_1_25' title='bbox 799 397 872 438; x_wconf 89' lang='lat' dir='ltr'>tui.</span> 
     </span>
    </p>

    <p class='ocr_par' dir='ltr' id='par_1_4' title="bbox 194 457 1023 620">
     <span class='ocr_line' id='line_1_6' title="bbox 245 457 1022 511; baseline -0.004 -11"><span class='ocrx_word' id='word_1_26' title='bbox 245 459 301 500; x_wconf 88' lang='lat' dir='ltr'>Et</span> <span class='ocrx_word' id='word_1_27' title='bbox 316 461 598 511; x_wconf 84' lang='lat' dir='ltr'>concupiscet</span> <span class='ocrx_word' id='word_1_28' title='bbox 617 458 715 499; x_wconf 84' lang='lat' dir='ltr'>Rex</span> <span class='ocrx_word' id='word_1_29' title='bbox 734 457 940 499; x_wconf 87' lang='lat' dir='ltr'>decorem</span> <span class='ocrx_word' id='word_1_30' title='bbox 958 461 1022 498; x_wconf 91' lang='lat' dir='ltr'>tu-</span> 
     </span>
     <span class='ocr_line' id='line_1_7' title="bbox 194 513 1023 567; baseline -0.005 -11"><span class='ocrx_word' id='word_1_31' title='bbox 194 529 280 556; x_wconf 93' lang='lat' dir='ltr'>um:</span> <span class='ocrx_word' id='word_1_32' title='bbox 307 516 331 540; x_wconf 84' lang='grc'><em>*</em></span> <span class='ocrx_word' id='word_1_33' title='bbox 361 515 566 567; x_wconf 86' lang='lat' dir='ltr'>quoniam</span> <span class='ocrx_word' id='word_1_34' title='bbox 594 514 688 566; x_wconf 92' lang='lat' dir='ltr'>ipse</span> <span class='ocrx_word' id='word_1_35' title='bbox 716 518 782 555; x_wconf 91' lang='lat' dir='ltr'>est</span> <span class='ocrx_word' id='word_1_36' title='bbox 809 513 1023 554; x_wconf 91' lang='lat' dir='ltr'>Dominus</span> 
     </span>
     <span class='ocr_line' id='line_1_8' title="bbox 194 569 938 620; baseline -0.004 -8"><span class='ocrx_word' id='word_1_37' title='bbox 194 572 314 612; x_wconf 92' lang='lat' dir='ltr'>Deus</span> <span class='ocrx_word' id='word_1_38' title='bbox 342 576 453 620; x_wconf 84' lang='lat' dir='ltr'>tuuS,</span> <span class='ocrx_word' id='word_1_39' title='bbox 482 576 526 612; x_wconf 92' lang='lat' dir='ltr'>et</span> <span class='ocrx_word' id='word_1_40' title='bbox 553 569 801 612; x_wconf 81' lang='lat' dir='ltr'>adorabunt</span> <span class='ocrx_word' id='word_1_41' title='bbox 829 582 938 610; x_wconf 91' lang='lat' dir='ltr'>eum.</span> 
     </span>
    </p>

    <p class='ocr_par' dir='ltr' id='par_1_5' title="bbox 193 629 1022 797">
     <span class='ocr_line' id='line_1_9' title="bbox 245 629 1022 684; baseline -0.005 -10"><span class='ocrx_word' id='word_1_42' title='bbox 245 633 302 674; x_wconf 88' lang='lat' dir='ltr'>Et</span> <span class='ocrx_word' id='word_1_43' title='bbox 319 632 420 673; x_wconf 83' lang='lat' dir='ltr'>fffiae</span> <span class='ocrx_word' id='word_1_44' title='bbox 440 632 547 684; x_wconf 93' lang='lat' dir='ltr'>Tyri</span> <span class='ocrx_word' id='word_1_45' title='bbox 567 631 610 672; x_wconf 91' lang='lat' dir='ltr'>in</span> <span class='ocrx_word' id='word_1_46' title='bbox 629 629 881 671; x_wconf 90' lang='lat' dir='ltr'>muneribus</span> <span class='ocrx_word' id='word_1_47' title='bbox 894 631 917 655; x_wconf 66' lang='lat'>¹⁸</span> <span class='ocrx_word' id='word_1_48' title='bbox 934 629 1022 670; x_wconf 90' lang='lat' dir='ltr'>vul-</span> 
     </span>
     <span class='ocr_line' id='line_1_10' title="bbox 193 687 1022 740; baseline -0.005 -10"><span class='ocrx_word' id='word_1_49' title='bbox 193 694 286 730; x_wconf 91' lang='lat' dir='ltr'>tum</span> <span class='ocrx_word' id='word_1_50' title='bbox 318 694 441 730; x_wconf 94' lang='lat' dir='ltr'>tuum</span> <span class='ocrx_word' id='word_1_51' title='bbox 469 687 836 740; x_wconf 60' lang='lat' dir='ltr'>deprecabantur:</span> <span class='ocrx_word' id='word_1_52' title='bbox 870 698 1022 727; x_wconf 91' lang='lat' dir='ltr'>omnes</span> 
     </span>
     <span class='ocr_line' id='line_1_11' title="bbox 194 744 532 797; baseline -0.003 -11"><span class='ocrx_word' id='word_1_53' title='bbox 194 744 351 787; x_wconf 89' lang='lat' dir='ltr'>divites</span> <span class='ocrx_word' id='word_1_54' title='bbox 380 744 532 797; x_wconf 88' lang='lat' dir='ltr'>plebis.</span> 
     </span>
    </p>

    <p class='ocr_par' dir='ltr' id='par_1_6' title="bbox 192 802 1022 960">
     <span class='ocr_line' id='line_1_12' title="bbox 247 802 1021 856; baseline -0.005 -9"><span class='ocrx_word' id='word_1_55' title='bbox 247 806 398 847; x_wconf 92' lang='lat' dir='ltr'>Omnis</span> <span class='ocrx_word' id='word_1_56' title='bbox 417 805 555 856; x_wconf 87' lang='lat' dir='ltr'>gloria</span> <span class='ocrx_word' id='word_1_57' title='bbox 577 805 666 855; x_wconf 88' lang='lat' dir='ltr'>ejus</span> <span class='ocrx_word' id='word_1_58' title='bbox 691 803 792 844; x_wconf 87' lang='lat' dir='ltr'>fssiae</span> <span class='ocrx_word' id='word_1_59' title='bbox 812 803 946 853; x_wconf 88' lang='lat' dir='ltr'>Regis</span> <span class='ocrx_word' id='word_1_60' title='bbox 966 802 1021 844; x_wconf 86' lang='lat' dir='ltr'>ab</span> 
     </span>
     <span class='ocr_line' id='line_1_13' title="bbox 192 859 1022 911; baseline -0.004 -9"><span class='ocrx_word' id='word_1_61' title='bbox 192 862 319 911; x_wconf 91' lang='lat' dir='ltr'>intus,</span> <span class='ocrx_word' id='word_1_62' title='bbox 345 862 368 887; x_wconf 82' lang='grc'>*</span> <span class='ocrx_word' id='word_1_63' title='bbox 393 862 436 902; x_wconf 93' lang='lat' dir='ltr'>in</span> <span class='ocrx_word' id='word_1_64' title='bbox 462 860 644 902; x_wconf 85' lang='lat' dir='ltr'>fimbriis</span> <span class='ocrx_word' id='word_1_65' title='bbox 669 860 812 901; x_wconf 83' lang='lat' dir='ltr'>aureis</span> <span class='ocrx_word' id='word_1_66' title='bbox 842 859 1022 900; x_wconf 91' lang='lat' dir='ltr'>circum-</span> 
     </span>
     <span class='ocr_line' id='line_1_14' title="bbox 193 916 672 960; baseline -0.004 -1"><span class='ocrx_word' id='word_1_67' title='bbox 193 920 351 960; x_wconf 88' lang='lat' dir='ltr'>amicta</span> <span class='ocrx_word' id='word_1_68' title='bbox 378 916 672 959; x_wconf 74' lang='lat' dir='ltr'>varietatibus.</span> 
     </span>
    </p>

    <p class='ocr_par' dir='ltr' id='par_1_7' title="bbox 192 977 1023 1132">
     <span class='ocr_line' id='line_1_15' title="bbox 245 977 1023 1028; baseline -0.004 -8"><span class='ocrx_word' id='word_1_69' title='bbox 245 978 532 1019; x_wconf 91' lang='lat' dir='ltr'>Adducentur</span> <span class='ocrx_word' id='word_1_70' title='bbox 560 977 672 1027; x_wconf 89' lang='lat' dir='ltr'>Regi</span> <span class='ocrx_word' id='word_1_71' title='bbox 698 977 888 1027; x_wconf 85' lang='lat' dir='ltr'>virgines</span> <span class='ocrx_word' id='word_1_72' title='bbox 920 981 1023 1028; x_wconf 92' lang='lat' dir='ltr'>post</span> 
     </span>
     <span class='ocr_line' id='line_1_16' title="bbox 193 1032 1022 1087; baseline -0.004 -11"><span class='ocrx_word' id='word_1_73' title='bbox 193 1047 304 1076; x_wconf 82' lang='lat' dir='ltr'>eam:</span> <span class='ocrx_word' id='word_1_74' title='bbox 340 1035 363 1059; x_wconf 88' lang='lat'>*</span> <span class='ocrx_word' id='word_1_75' title='bbox 399 1034 613 1087; x_wconf 81' lang='lat' dir='ltr'>proximae</span> <span class='ocrx_word' id='word_1_76' title='bbox 655 1034 745 1085; x_wconf 89' lang='lat' dir='ltr'>ejus</span> <span class='ocrx_word' id='word_1_77' title='bbox 787 1032 1022 1074; x_wconf 85' lang='lat' dir='ltr'>afferentur</span> 
     </span>
     <span class='ocr_line' id='line_1_17' title="bbox 192 1090 282 1132; baseline -0.011 0"><span class='ocrx_word' id='word_1_78' title='bbox 192 1090 282 1132; x_wconf 90' lang='lat' dir='ltr'>tibi.</span> 
     </span>
    </p>

    <p class='ocr_par' dir='ltr' id='par_1_8' title="bbox 193 1149 1022 1314">
     <span class='ocr_line' id='line_1_18' title="bbox 246 1149 1022 1192; baseline -0.003 0"><span class='ocrx_word' id='word_1_79' title='bbox 246 1151 497 1192; x_wconf 86' lang='lat' dir='ltr'>Afferentur</span> <span class='ocrx_word' id='word_1_80' title='bbox 523 1151 567 1191; x_wconf 93' lang='lat' dir='ltr'>in</span> <span class='ocrx_word' id='word_1_81' title='bbox 586 1151 738 1192; x_wconf 88' lang='lat' dir='ltr'>laetitia</span> <span class='ocrx_word' id='word_1_82' title='bbox 767 1155 811 1191; x_wconf 88' lang='lat' dir='ltr'>et</span> <span class='ocrx_word' id='word_1_83' title='bbox 836 1149 1022 1191; x_wconf 86' lang='lat' dir='ltr'>exsulta-</span> 
     </span>
     <span class='ocr_line' id='line_1_19' title="bbox 193 1205 1022 1258; baseline -0.004 -10"><span class='ocrx_word' id='word_1_84' title='bbox 193 1207 326 1249; x_wconf 89' lang='lat' dir='ltr'>tione:</span> <span class='ocrx_word' id='word_1_85' title='bbox 360 1208 383 1233; x_wconf 86' lang='lat'>*</span> <span class='ocrx_word' id='word_1_86' title='bbox 418 1207 690 1248; x_wconf 77' lang='lat' dir='ltr'>adducentur</span> <span class='ocrx_word' id='word_1_87' title='bbox 730 1207 773 1247; x_wconf 93' lang='lat' dir='ltr'>in</span> <span class='ocrx_word' id='word_1_88' title='bbox 809 1205 1022 1258; x_wconf 92' lang='lat' dir='ltr'>templum</span> 
     </span>
     <span class='ocr_line' id='line_1_20' title="bbox 193 1263 339 1314; baseline 0 -10"><span class='ocrx_word' id='word_1_89' title='bbox 193 1263 339 1314; x_wconf 86' lang='lat' dir='ltr'>Regis.</span> 
     </span>
    </p>

    <p class='ocr_par' dir='ltr' id='par_1_9' title="bbox 193 1322 1023 1488">
     <span class='ocr_line' id='line_1_21' title="bbox 246 1322 1023 1376; baseline -0.003 -12"><span class='ocrx_word' id='word_1_90' title='bbox 246 1324 333 1365; x_wconf 91' lang='lat' dir='ltr'>Pro</span> <span class='ocrx_word' id='word_1_91' title='bbox 362 1324 560 1376; x_wconf 77' lang='lat' dir='ltr'>patribus</span> <span class='ocrx_word' id='word_1_92' title='bbox 587 1323 673 1365; x_wconf 90' lang='lat' dir='ltr'>tuis</span> <span class='ocrx_word' id='word_1_93' title='bbox 699 1323 789 1365; x_wconf 85' lang='lat' dir='ltr'>nati</span> <span class='ocrx_word' id='word_1_94' title='bbox 817 1327 917 1364; x_wconf 92' lang='lat' dir='ltr'>sunt</span> <span class='ocrx_word' id='word_1_95' title='bbox 944 1322 1023 1364; x_wconf 91' lang='lat' dir='ltr'>tibi</span> 
     </span>
     <span class='ocr_line' id='line_1_22' title="bbox 193 1380 1022 1432; baseline -0.001 -12"><span class='ocrx_word' id='word_1_96' title='bbox 193 1380 286 1420; x_wconf 83' lang='lat' dir='ltr'>filii:</span> <span class='ocrx_word' id='word_1_97' title='bbox 305 1381 328 1405; x_wconf 88' lang='grc'>*</span> <span class='ocrx_word' id='word_1_98' title='bbox 348 1382 587 1421; x_wconf 85' lang='lat' dir='ltr'>constitues</span> <span class='ocrx_word' id='word_1_99' title='bbox 609 1392 685 1421; x_wconf 90' lang='lat' dir='ltr'>eos</span> <span class='ocrx_word' id='word_1_100' title='bbox 710 1380 931 1432; x_wconf 85' lang='lat' dir='ltr'>principes</span> <span class='ocrx_word' id='word_1_101' title='bbox 955 1391 1022 1419; x_wconf 92' lang='lat' dir='ltr'>su-</span> 
     </span>
     <span class='ocr_line' id='line_1_23' title="bbox 194 1441 676 1488; baseline -0.002 -11"><span class='ocrx_word' id='word_1_102' title='bbox 194 1449 273 1488; x_wconf 91' lang='lat' dir='ltr'>per</span> <span class='ocrx_word' id='word_1_103' title='bbox 302 1449 475 1477; x_wconf 91' lang='lat' dir='ltr'>omnem</span> <span class='ocrx_word' id='word_1_104' title='bbox 502 1441 676 1478; x_wconf 87' lang='lat' dir='ltr'>terram.</span> 
     </span>
    </p>

    <p class='ocr_par' dir='ltr' id='par_1_10' title="bbox 193 1495 1022 1650">
     <span class='ocr_line' id='line_1_24' title="bbox 246 1495 1022 1538; baseline -0.001 -1"><span class='ocrx_word' id='word_1_105' title='bbox 246 1497 464 1538; x_wconf 91' lang='lat' dir='ltr'>Memores</span> <span class='ocrx_word' id='word_1_106' title='bbox 504 1502 630 1538; x_wconf 91' lang='lat' dir='ltr'>erunt</span> <span class='ocrx_word' id='word_1_107' title='bbox 665 1495 853 1537; x_wconf 91' lang='lat' dir='ltr'>nominis</span> <span class='ocrx_word' id='word_1_108' title='bbox 889 1496 971 1537; x_wconf 91' lang='lat' dir='ltr'>tui:</span> <span class='ocrx_word' id='word_1_109' title='bbox 999 1496 1022 1520; x_wconf 85' lang='lat'>*</span> 
     </span>
     <span class='ocr_line' id='line_1_25' title="bbox 193 1552 1022 1603; baseline 0 -10"><span class='ocrx_word' id='word_1_110' title='bbox 193 1553 237 1593; x_wconf 93' lang='lat' dir='ltr'>in</span> <span class='ocrx_word' id='word_1_111' title='bbox 262 1553 380 1594; x_wconf 89' lang='lat' dir='ltr'>omni</span> <span class='ocrx_word' id='word_1_112' title='bbox 403 1553 684 1603; x_wconf 83' lang='lat' dir='ltr'>generatione</span> <span class='ocrx_word' id='word_1_113' title='bbox 711 1558 755 1594; x_wconf 93' lang='lat' dir='ltr'>et</span> <span class='ocrx_word' id='word_1_114' title='bbox 780 1552 1022 1603; x_wconf 86' lang='lat' dir='ltr'>generatio-</span> 
     </span>
     <span class='ocr_line' id='line_1_26' title="bbox 195 1622 304 1650; baseline 0 -1"><span class='ocrx_word' id='word_1_115' title='bbox 195 1622 304 1650; x_wconf 91' lang='lat' dir='ltr'>nem.</span> 
     </span>
    </p>

    <p class='ocr_par' dir='ltr' id='par_1_11' title="bbox 194 1670 1024 1823">
     <span class='ocr_line' id='line_1_27' title="bbox 246 1670 1022 1723; baseline -0.001 -13"><span class='ocrx_word' id='word_1_116' title='bbox 246 1670 489 1722; x_wconf 75' lang='lat' dir='ltr'>Propterea</span> <span class='ocrx_word' id='word_1_117' title='bbox 516 1670 669 1723; x_wconf 90' lang='lat' dir='ltr'>populi</span> <span class='ocrx_word' id='word_1_118' title='bbox 697 1670 1022 1712; x_wconf 84' lang='lat' dir='ltr'>confitebuntur</span> 
     </span>
     <span class='ocr_line' id='line_1_28' title="bbox 194 1725 1024 1768; baseline 0 -1"><span class='ocrx_word' id='word_1_119' title='bbox 194 1725 273 1767; x_wconf 90' lang='lat' dir='ltr'>tibi</span> <span class='ocrx_word' id='word_1_120' title='bbox 301 1726 344 1766; x_wconf 91' lang='lat' dir='ltr'>in</span> <span class='ocrx_word' id='word_1_121' title='bbox 372 1728 598 1768; x_wconf 75' lang='lat' dir='ltr'>aeternum:</span> <span class='ocrx_word' id='word_1_122' title='bbox 622 1727 645 1752; x_wconf 91' lang='lat'>*</span> <span class='ocrx_word' id='word_1_123' title='bbox 670 1732 714 1768; x_wconf 92' lang='lat' dir='ltr'>et</span> <span class='ocrx_word' id='word_1_124' title='bbox 741 1726 785 1767; x_wconf 88' lang='lat' dir='ltr'>in</span> <span class='ocrx_word' id='word_1_125' title='bbox 813 1725 1024 1768; x_wconf 76' lang='lat' dir='ltr'>saeculum</span> 
     </span>
     <span class='ocr_line' id='line_1_29' title="bbox 195 1782 354 1823; baseline -0.006 0"><span class='ocrx_word' id='word_1_126' title='bbox 195 1782 354 1823; x_wconf 76' lang='lat' dir='ltr'>saeculi.</span> 
     </span>
    </p>

    <p class='ocr_par' dir='ltr' id='par_1_12' title="bbox 197 1857 1024 2011">
     <span class='ocr_line' id='line_1_30' title="bbox 251 1857 1024 1908; baseline 0.004 -13"><span class='ocrx_word' id='word_1_127' title='bbox 251 1858 346 1896; x_wconf 72' lang='lat' dir='ltr'>Ant.</span> <span class='ocrx_word' id='word_1_128' title='bbox 392 1858 644 1897; x_wconf 76' lang='lat' dir='ltr'>Constitues</span> <span class='ocrx_word' id='word_1_129' title='bbox 682 1869 759 1897; x_wconf 89' lang='lat' dir='ltr'>eos</span> <span class='ocrx_word' id='word_1_130' title='bbox 801 1857 1024 1908; x_wconf 89' lang='lat' dir='ltr'>principes</span> 
     </span>
     <span class='ocr_line' id='line_1_31' title="bbox 197 1914 1024 1962; baseline 0.005 -12"><span class='ocrx_word' id='word_1_131' title='bbox 197 1923 328 1962; x_wconf 88' lang='lat' dir='ltr'>super</span> <span class='ocrx_word' id='word_1_132' title='bbox 368 1924 542 1953; x_wconf 91' lang='lat' dir='ltr'>omnem</span> <span class='ocrx_word' id='word_1_133' title='bbox 582 1917 764 1953; x_wconf 89' lang='lat' dir='ltr'>terram:</span> <span class='ocrx_word' id='word_1_134' title='bbox 806 1914 1024 1954; x_wconf 89' lang='lat' dir='ltr'>memores</span> 
     </span>
     <span class='ocr_line' id='line_1_32' title="bbox 197 1969 830 2011; baseline 0.005 -4"><span class='ocrx_word' id='word_1_135' title='bbox 197 1972 323 2008; x_wconf 86' lang='lat' dir='ltr'>erunt</span> <span class='ocrx_word' id='word_1_136' title='bbox 342 1969 530 2009; x_wconf 91' lang='lat' dir='ltr'>nominis</span> <span class='ocrx_word' id='word_1_137' title='bbox 548 1969 611 2009; x_wconf 91' lang='lat' dir='ltr'>tui</span> <span class='ocrx_word' id='word_1_138' title='bbox 631 1969 830 2011; x_wconf 84' lang='lat' dir='ltr'>Domine.</span> 
     </span>
    </p>
   </div>
   <div class='ocr_carea' id='block_1_4' title="bbox 197 2038 1024 2194">
    <p class='ocr_par' dir='ltr' id='par_1_13' title="bbox 197 2038 1024 2194">
     <span class='ocr_line' id='line_1_33' title="bbox 254 2038 1024 2088; baseline 0.004 -8"><span class='ocrx_word' id='word_1_139' title='bbox 254 2038 300 2088; x_wconf 56' lang='grc' dir='ltr'>Υ.</span> <span class='ocrx_word' id='word_1_140' title='bbox 311 2040 362 2081; x_wconf 93' lang='lat' dir='ltr'>In</span> <span class='ocrx_word' id='word_1_141' title='bbox 377 2053 550 2082; x_wconf 90' lang='lat' dir='ltr'>omnem</span> <span class='ocrx_word' id='word_1_142' title='bbox 565 2046 729 2082; x_wconf 89' lang='lat' dir='ltr'>terram</span> <span class='ocrx_word' id='word_1_143' title='bbox 741 2042 876 2084; x_wconf 81' lang='lat' dir='ltr'>exivit</span> <span class='ocrx_word' id='word_1_144' title='bbox 892 2055 1024 2083; x_wconf 92' lang='lat' dir='ltr'>sonus</span> 
     </span>
     <span class='ocr_line' id='line_1_34' title="bbox 197 2097 1024 2151; baseline 0.005 -15"><span class='ocrx_word' id='word_1_145' title='bbox 197 2097 360 2137; x_wconf 91' lang='lat' dir='ltr'>eorum.</span> <span class='ocrx_word' id='word_1_146' title='bbox 403 2101 446 2151; x_wconf 44' lang='lat' dir='ltr'>lx}</span> <span class='ocrx_word' id='word_1_147' title='bbox 471 2097 527 2138; x_wconf 88' lang='lat' dir='ltr'>Et</span> <span class='ocrx_word' id='word_1_148' title='bbox 550 2098 593 2138; x_wconf 92' lang='lat' dir='ltr'>in</span> <span class='ocrx_word' id='word_1_149' title='bbox 618 2098 727 2139; x_wconf 89' lang='lat' dir='ltr'>fines</span> <span class='ocrx_word' id='word_1_150' title='bbox 748 2097 869 2139; x_wconf 92' lang='lat' dir='ltr'>orbis</span> <span class='ocrx_word' id='word_1_151' title='bbox 893 2103 1024 2140; x_wconf 86' lang='lat' dir='ltr'>terrae</span> 
     </span>
     <span class='ocr_line' id='line_1_35' title="bbox 198 2151 515 2194; baseline 0.016 -5"><span class='ocrx_word' id='word_1_152' title='bbox 198 2151 330 2193; x_wconf 87' lang='lat' dir='ltr'>verba</span> <span class='ocrx_word' id='word_1_153' title='bbox 351 2154 515 2194; x_wconf 87' lang='lat' dir='ltr'>eorum.</span> 
     </span>
    </p>
   </div>
   <div class='ocr_carea' id='block_1_5' title="bbox 254 2223 1000 2481">
    <p class='ocr_par' dir='ltr' id='par_1_14' title="bbox 257 2223 559 2264">
     <span class='ocr_line' id='line_1_36' title="bbox 257 2223 559 2264; baseline 0.01 -3"><span class='ocrx_word' id='word_1_154' title='bbox 257 2223 379 2262; x_wconf 79' lang='lat' dir='ltr'>l&#39;ater</span> <span class='ocrx_word' id='word_1_155' title='bbox 399 2227 559 2264; x_wconf 88' lang='lat' dir='ltr'>noster.</span> 
     </span>
    </p>

    <p class='ocr_par' dir='ltr' id='par_1_15' title="bbox 254 2290 934 2402">
     <span class='ocr_line' id='line_1_37' title="bbox 254 2290 934 2333; baseline 0.006 -4"><span class='ocrx_word' id='word_1_156' title='bbox 254 2291 492 2333; x_wconf 68' lang='lat' dir='ltr'>Absolutio.</span> <span class='ocrx_word' id='word_1_157' title='bbox 533 2290 705 2332; x_wconf 76' lang='lat' dir='ltr'>Exaudi</span> <span class='ocrx_word' id='word_1_158' title='bbox 734 2291 934 2333; x_wconf 86' lang='lat' dir='ltr'>Domine.</span> 
     </span>
     <span class='ocr_line' id='line_1_38' title="bbox 256 2354 637 2402; baseline 0.01 -6"><span class='ocrx_word' id='word_1_159' title='bbox 256 2354 301 2402; x_wconf 53' lang='grc' dir='ltr'>δ”.</span> <span class='ocrx_word' id='word_1_160' title='bbox 326 2358 438 2400; x_wconf 89' lang='lat' dir='ltr'>Jube</span> <span class='ocrx_word' id='word_1_161' title='bbox 466 2359 637 2401; x_wconf 90' lang='lat' dir='ltr'>domne.</span> 
     </span>
    </p>

    <p class='ocr_par' dir='ltr' id='par_1_16' title="bbox 260 2427 1000 2481">
     <span class='ocr_line' id='line_1_39' title="bbox 260 2427 1000 2481; baseline 0.008 -17"><span class='ocrx_word' id='word_1_162' title='bbox 260 2427 413 2467; x_wconf 60' lang='lat' dir='ltr'>mmcd.</span> <span class='ocrx_word' id='word_1_163' title='bbox 448 2428 758 2470; x_wconf 73' lang='lat' dir='ltr'>Benedictione</span> <span class='ocrx_word' id='word_1_164' title='bbox 776 2431 1000 2481; x_wconf 85' lang='lat' dir='ltr'>perpetua.</span> 
     </span>
    </p>
   </div>
   <div class='ocr_carea' id='block_1_6' title="bbox 202 2503 1026 2738">
    <p class='ocr_par' dir='ltr' id='par_1_17' title="bbox 202 2503 1026 2738">
     <span class='ocr_line' id='line_1_40' title="bbox 256 2503 1025 2549; baseline 0.009 -15"><span class='ocrx_word' id='word_1_165' title='bbox 256 2503 351 2537; x_wconf 43' lang='lat' dir='ltr'>licet.</span> <span class='ocrx_word' id='word_1_166' title='bbox 364 2505 409 2538; x_wconf 72' lang='lat' dir='ltr'>dc</span> <span class='ocrx_word' id='word_1_167' title='bbox 423 2506 556 2548; x_wconf 58' lang='lat' dir='ltr'>Sci-isit.</span> <span class='ocrx_word' id='word_1_168' title='bbox 573 2507 711 2549; x_wconf 62' lang='lat' dir='ltr'>positae</span> <span class='ocrx_word' id='word_1_169' title='bbox 729 2508 763 2540; x_wconf 88' lang='lat' dir='ltr'>in</span> <span class='ocrx_word' id='word_1_170' title='bbox 779 2508 922 2541; x_wconf 71' lang='lat' dir='ltr'>Commi.</span> <span class='ocrx_word' id='word_1_171' title='bbox 935 2510 1025 2541; x_wconf 63' lang='lat' dir='ltr'>Sam—</span> 
     </span>
     <span class='ocr_line' id='line_1_41' title="bbox 202 2552 1023 2597; baseline 0.01 -16"><span class='ocrx_word' id='word_1_172' title='bbox 202 2555 345 2583; x_wconf 68' lang='lat' dir='ltr'>ctorum</span> <span class='ocrx_word' id='word_1_173' title='bbox 362 2552 546 2591; x_wconf 57' lang='lat' dir='ltr'>leguntur.</span> <span class='ocrx_word' id='word_1_174' title='bbox 566 2555 722 2597; x_wconf 68' lang='lat' dir='ltr'>quamdo</span> <span class='ocrx_word' id='word_1_175' title='bbox 741 2561 973 2589; x_wconf 67' lang='lat' dir='ltr'>annotantur</span> <span class='ocrx_word' id='word_1_176' title='bbox 990 2558 1023 2589; x_wconf 79' lang='lat' dir='ltr'>in</span> 
     </span>
     <span class='ocr_line' id='line_1_42' title="bbox 205 2596 1024 2646; baseline 0.013 -19"><span class='ocrx_word' id='word_1_177' title='bbox 205 2596 364 2638; x_wconf 63' lang='lat' dir='ltr'>From-io</span> <span class='ocrx_word' id='word_1_178' title='bbox 383 2601 504 2633; x_wconf 59' lang='lat' dir='ltr'>sanct.</span> <span class='ocrx_word' id='word_1_179' title='bbox 525 2612 592 2643; x_wconf 71' lang='lat' dir='ltr'>pei·</span> <span class='ocrx_word' id='word_1_180' title='bbox 610 2603 777 2638; x_wconf 68' lang='lat' dir='ltr'>Annum.</span> <span class='ocrx_word' id='word_1_181' title='bbox 809 2610 843 2636; x_wconf 79' lang='lat' dir='ltr'>ct</span> <span class='ocrx_word' id='word_1_182' title='bbox 870 2606 1024 2646; x_wconf 67' lang='lat' dir='ltr'>quando</span> 
     </span>
     <span class='ocr_line' id='line_1_43' title="bbox 202 2646 1025 2693; baseline 0.012 -17"><span class='ocrx_word' id='word_1_183' title='bbox 202 2646 387 2681; x_wconf 55' lang='lat' dir='ltr'>continuit</span> <span class='ocrx_word' id='word_1_184' title='bbox 415 2648 491 2680; x_wconf 68' lang='lat' dir='ltr'>lieri</span> <span class='ocrx_word' id='word_1_185' title='bbox 519 2651 623 2683; x_wconf 59' lang='lat' dir='ltr'>ollio.</span> <span class='ocrx_word' id='word_1_186' title='bbox 654 2651 701 2684; x_wconf 76' lang='lat' dir='ltr'>dc</span> <span class='ocrx_word' id='word_1_187' title='bbox 727 2652 858 2693; x_wconf 67' lang='lat' dir='ltr'>aliquo</span> <span class='ocrx_word' id='word_1_188' title='bbox 884 2653 1025 2685; x_wconf 65' lang='lat' dir='ltr'>Sancto</span> 
     </span>
     <span class='ocr_line' id='line_1_44' title="bbox 205 2692 1026 2738; baseline 0.012 -15"><span class='ocrx_word' id='word_1_189' title='bbox 205 2692 278 2724; x_wconf 57' lang='lat' dir='ltr'>illis</span> <span class='ocrx_word' id='word_1_190' title='bbox 305 2693 451 2727; x_wconf 58' lang='lat' dir='ltr'>tiit-bns.</span> <span class='ocrx_word' id='word_1_191' title='bbox 480 2696 513 2727; x_wconf 79' lang='lat' dir='ltr'>in</span> <span class='ocrx_word' id='word_1_192' title='bbox 541 2698 680 2738; x_wconf 61' lang='lat' dir='ltr'>quihus</span> <span class='ocrx_word' id='word_1_193' title='bbox 710 2699 743 2731; x_wconf 76' lang='lat' dir='ltr'>in</span> <span class='ocrx_word' id='word_1_194' title='bbox 771 2700 875 2732; x_wconf 60' lang='lat' dir='ltr'>(mic.</span> <span class='ocrx_word' id='word_1_195' title='bbox 907 2700 1026 2733; x_wconf 43' lang='lat' dir='ltr'>Feriat-</span> 
     </span>
    </p>
   </div>
   <div class='ocr_carea' id='block_1_7' title="bbox 1074 282 1910 1582">
    <p class='ocr_par' dir='ltr' id='par_1_18' title="bbox 1079 282 1910 460">
     <span class='ocr_line' id='line_1_45' title="bbox 1079 282 1910 326; baseline -0.001 -11"><span class='ocrx_word' id='word_1_196' title='bbox 1079 293 1153 316; x_wconf 77' lang='lat' dir='ltr'>non</span> <span class='ocrx_word' id='word_1_197' title='bbox 1172 288 1368 326; x_wconf 81' lang='lat' dir='ltr'>ponuntur</span> <span class='ocrx_word' id='word_1_198' title='bbox 1387 283 1484 316; x_wconf 73' lang='lat' dir='ltr'>Lcct.</span> <span class='ocrx_word' id='word_1_199' title='bbox 1505 283 1551 316; x_wconf 78' lang='lat' dir='ltr'>de</span> <span class='ocrx_word' id='word_1_200' title='bbox 1570 282 1718 325; x_wconf 47' lang='grc' dir='ltr'>δἐι-ἡδὶ,</span> <span class='ocrx_word' id='word_1_201' title='bbox 1744 282 1813 316; x_wconf 85' lang='lat' dir='ltr'>Sed</span> <span class='ocrx_word' id='word_1_202' title='bbox 1830 286 1910 316; x_wconf 76' lang='lat' dir='ltr'>tan-</span> 
     </span>
     <span class='ocr_line' id='line_1_46' title="bbox 1079 329 1910 374; baseline -0.001 -10"><span class='ocrx_word' id='word_1_203' title='bbox 1079 337 1156 364; x_wconf 79' lang='lat' dir='ltr'>tum</span> <span class='ocrx_word' id='word_1_204' title='bbox 1175 331 1221 365; x_wconf 83' lang='lat' dir='ltr'>dc</span> <span class='ocrx_word' id='word_1_205' title='bbox 1242 331 1422 367; x_wconf 77' lang='lat' dir='ltr'>Homiliu,</span> <span class='ocrx_word' id='word_1_206' title='bbox 1443 336 1478 365; x_wconf 81' lang='lat' dir='ltr'>ct</span> <span class='ocrx_word' id='word_1_207' title='bbox 1494 331 1650 374; x_wconf 70' lang='lat' dir='ltr'>quando</span> <span class='ocrx_word' id='word_1_208' title='bbox 1667 330 1826 373; x_wconf 71' lang='lat' dir='ltr'>aliquod</span> <span class='ocrx_word' id='word_1_209' title='bbox 1844 329 1910 363; x_wconf 80' lang='lat' dir='ltr'>Fc-</span> 
     </span>
     <span class='ocr_line' id='line_1_47' title="bbox 1079 377 1910 421; baseline -0.001 -10"><span class='ocrx_word' id='word_1_210' title='bbox 1079 386 1178 412; x_wconf 61' lang='lat' dir='ltr'>stum</span> <span class='ocrx_word' id='word_1_211' title='bbox 1204 379 1428 412; x_wconf 70' lang='lat' dir='ltr'>solemniter</span> <span class='ocrx_word' id='word_1_212' title='bbox 1453 380 1668 412; x_wconf 62' lang='lat' dir='ltr'>celebratur</span> <span class='ocrx_word' id='word_1_213' title='bbox 1691 378 1725 411; x_wconf 78' lang='lat' dir='ltr'>in</span> <span class='ocrx_word' id='word_1_214' title='bbox 1753 377 1910 421; x_wconf 76' lang='lat' dir='ltr'>propriu</span> 
     </span>
     <span class='ocr_line' id='line_1_48' title="bbox 1079 427 1254 460; baseline 0.006 -1"><span class='ocrx_word' id='word_1_215' title='bbox 1079 427 1254 460; x_wconf 59' lang='lat' dir='ltr'>ccclesia.</span> 
     </span>
    </p>

    <p class='ocr_par' dir='ltr' id='par_1_19' title="bbox 1114 493 1874 671">
     <span class='ocr_line' id='line_1_49' title="bbox 1114 493 1874 547; baseline 0 -13"><span class='ocrx_word' id='word_1_216' title='bbox 1114 495 1180 535; x_wconf 87' lang='lat' dir='ltr'>De</span> <span class='ocrx_word' id='word_1_217' title='bbox 1207 494 1407 547; x_wconf 84' lang='lat' dir='ltr'>Epistola</span> <span class='ocrx_word' id='word_1_218' title='bbox 1433 493 1576 546; x_wconf 88' lang='lat' dir='ltr'>prima</span> <span class='ocrx_word' id='word_1_219' title='bbox 1603 493 1722 536; x_wconf 76' lang='lat' dir='ltr'>beati</span> <span class='ocrx_word' id='word_1_220' title='bbox 1749 493 1874 534; x_wconf 81' lang='lat' dir='ltr'>Pauli</span> 
     </span>
     <span class='ocr_line' id='line_1_50' title="bbox 1205 549 1778 604; baseline -0.002 -12"><span class='ocrx_word' id='word_1_221' title='bbox 1205 550 1414 604; x_wconf 91' lang='lat' dir='ltr'>Apostoli</span> <span class='ocrx_word' id='word_1_222' title='bbox 1433 549 1491 591; x_wconf 84' lang='lat' dir='ltr'>ad</span> <span class='ocrx_word' id='word_1_223' title='bbox 1512 549 1778 591; x_wconf 88' lang='lat' dir='ltr'>Corinthios.</span> 
     </span>
     <span class='ocr_line' id='line_1_51' title="bbox 1184 620 1808 671; baseline -0.006 -8"><span class='ocrx_word' id='word_1_224' title='bbox 1184 622 1338 663; x_wconf 77' lang='lat' dir='ltr'>Lectio</span> <span class='ocrx_word' id='word_1_225' title='bbox 1359 622 1382 660; x_wconf 88' lang='lat' dir='ltr'>i.</span> <span class='ocrx_word' id='word_1_226' title='bbox 1647 620 1750 671; x_wconf 84' lang='lat' dir='ltr'>Cap.</span> <span class='ocrx_word' id='word_1_227' title='bbox 1771 621 1808 659; x_wconf 72' lang='lat'>4.</span> 
     </span>
    </p>

    <p class='ocr_par' dir='ltr' id='par_1_20' title="bbox 1074 679 1910 1523">
     <span class='ocr_line' id='line_1_52' title="bbox 1082 679 1909 738; baseline -0.001 -17"><span class='ocrx_word' id='word_1_228' title='bbox 1082 692 1087 733; x_wconf 51' lang='lat' dir='ltr'><em>j</em></span> <span class='ocrx_word' id='word_1_229' title='bbox 1100 699 1167 738; x_wconf 46' lang='lat' dir='ltr'>&lt;Q</span> <span class='ocrx_word' id='word_1_230' title='bbox 1183 681 1223 721; x_wconf 92' lang='lat' dir='ltr'>ic</span> <span class='ocrx_word' id='word_1_231' title='bbox 1238 693 1319 722; x_wconf 92' lang='lat' dir='ltr'>nos</span> <span class='ocrx_word' id='word_1_232' title='bbox 1338 680 1560 722; x_wconf 84' lang='lat' dir='ltr'>existimet</span> <span class='ocrx_word' id='word_1_233' title='bbox 1574 679 1708 721; x_wconf 93' lang='lat' dir='ltr'>homo</span> <span class='ocrx_word' id='word_1_234' title='bbox 1724 683 1773 721; x_wconf 94' lang='lat' dir='ltr'>ut</span> <span class='ocrx_word' id='word_1_235' title='bbox 1786 679 1909 720; x_wconf 90' lang='lat' dir='ltr'>mini-</span> 
     </span>
     <span class='ocr_line' id='line_1_53' title="bbox 1082 735 1910 820; baseline -0.002 -42"><span class='ocrx_word' id='word_1_236' title='bbox 1082 735 1173 820; x_wconf 38' lang='lat' dir='ltr'>ff}</span> <span class='ocrx_word' id='word_1_237' title='bbox 1197 742 1313 779; x_wconf 91' lang='lat' dir='ltr'>stros</span> <span class='ocrx_word' id='word_1_238' title='bbox 1325 737 1503 778; x_wconf 87' lang='lat' dir='ltr'>Christi:</span> <span class='ocrx_word' id='word_1_239' title='bbox 1519 741 1564 778; x_wconf 90' lang='lat' dir='ltr'>et</span> <span class='ocrx_word' id='word_1_240' title='bbox 1579 736 1910 789; x_wconf 83' lang='lat' dir='ltr'>dispensatores</span> 
     </span>
     <span class='ocr_line' id='line_1_54' title="bbox 1106 792 1909 846; baseline -0.001 -12"><span class='ocrx_word' id='word_1_241' title='bbox 1106 798 1142 809; x_wconf 34' lang='grc' dir='ltr'>’Ψ</span> <span class='ocrx_word' id='word_1_242' title='bbox 1195 794 1509 846; x_wconf 84' lang='lat' dir='ltr'>mysteriorum</span> <span class='ocrx_word' id='word_1_243' title='bbox 1549 793 1645 834; x_wconf 91' lang='lat' dir='ltr'>Dei.</span> <span class='ocrx_word' id='word_1_244' title='bbox 1698 792 1784 834; x_wconf 90' lang='lat' dir='ltr'>Hic</span> <span class='ocrx_word' id='word_1_245' title='bbox 1823 793 1909 844; x_wconf 86' lang='lat' dir='ltr'>jam</span> 
     </span>
     <span class='ocr_line' id='line_1_55' title="bbox 1075 849 1910 902; baseline 0 -12"><span class='ocrx_word' id='word_1_246' title='bbox 1075 850 1286 900; x_wconf 77' lang='lat' dir='ltr'>quaeritur</span> <span class='ocrx_word' id='word_1_247' title='bbox 1318 850 1432 891; x_wconf 91' lang='lat' dir='ltr'>inter</span> <span class='ocrx_word' id='word_1_248' title='bbox 1465 849 1816 902; x_wconf 78' lang='lat' dir='ltr'>dispensatoreS,</span> <span class='ocrx_word' id='word_1_249' title='bbox 1861 853 1910 890; x_wconf 91' lang='lat' dir='ltr'>ut</span> 
     </span>
     <span class='ocr_line' id='line_1_56' title="bbox 1075 905 1910 958; baseline 0 -12"><span class='ocrx_word' id='word_1_250' title='bbox 1075 905 1217 947; x_wconf 92' lang='lat' dir='ltr'>fidelis</span> <span class='ocrx_word' id='word_1_251' title='bbox 1237 907 1334 958; x_wconf 91' lang='lat' dir='ltr'>quis</span> <span class='ocrx_word' id='word_1_252' title='bbox 1351 906 1608 947; x_wconf 78' lang='lat' dir='ltr'>inveniatur.</span> <span class='ocrx_word' id='word_1_253' title='bbox 1635 905 1743 946; x_wconf 85' lang='lat' dir='ltr'>Mihi</span> <span class='ocrx_word' id='word_1_254' title='bbox 1762 909 1910 947; x_wconf 85' lang='lat' dir='ltr'>autem</span> 
     </span>
     <span class='ocr_line' id='line_1_57' title="bbox 1074 961 1909 1014; baseline -0.001 -11"><span class='ocrx_word' id='word_1_255' title='bbox 1074 975 1156 1014; x_wconf 91' lang='lat' dir='ltr'>pro</span> <span class='ocrx_word' id='word_1_256' title='bbox 1182 963 1361 1004; x_wconf 92' lang='lat' dir='ltr'>minimo</span> <span class='ocrx_word' id='word_1_257' title='bbox 1383 967 1450 1004; x_wconf 90' lang='lat' dir='ltr'>est</span> <span class='ocrx_word' id='word_1_258' title='bbox 1469 967 1518 1004; x_wconf 91' lang='lat' dir='ltr'>ut</span> <span class='ocrx_word' id='word_1_259' title='bbox 1540 975 1566 1003; x_wconf 88' lang='lat' dir='ltr'>a</span> <span class='ocrx_word' id='word_1_260' title='bbox 1585 961 1713 1004; x_wconf 91' lang='lat' dir='ltr'>vobis</span> <span class='ocrx_word' id='word_1_261' title='bbox 1733 961 1909 1013; x_wconf 79' lang='lat' dir='ltr'>judicer,</span> 
     </span>
     <span class='ocr_line' id='line_1_58' title="bbox 1075 1018 1909 1070; baseline 0 -10"><span class='ocrx_word' id='word_1_262' title='bbox 1075 1024 1150 1060; x_wconf 86' lang='lat' dir='ltr'>aut</span> <span class='ocrx_word' id='word_1_263' title='bbox 1169 1018 1224 1060; x_wconf 91' lang='lat' dir='ltr'>ab</span> <span class='ocrx_word' id='word_1_264' title='bbox 1244 1019 1437 1060; x_wconf 66' lang='lat' dir='ltr'>humeno</span> <span class='ocrx_word' id='word_1_265' title='bbox 1455 1018 1540 1060; x_wconf 87' lang='lat' dir='ltr'>die:</span> <span class='ocrx_word' id='word_1_266' title='bbox 1560 1018 1640 1060; x_wconf 89' lang='lat' dir='ltr'>sed</span> <span class='ocrx_word' id='word_1_267' title='bbox 1658 1031 1803 1070; x_wconf 89' lang='lat' dir='ltr'>neque</span> <span class='ocrx_word' id='word_1_268' title='bbox 1822 1031 1909 1060; x_wconf 90' lang='lat' dir='ltr'>me·</span> 
     </span>
     <span class='ocr_line' id='line_1_59' title="bbox 1075 1074 1909 1127; baseline 0.001 -12"><span class='ocrx_word' id='word_1_269' title='bbox 1075 1077 1218 1127; x_wconf 91' lang='lat' dir='ltr'>ipsum</span> <span class='ocrx_word' id='word_1_270' title='bbox 1233 1075 1392 1127; x_wconf 83' lang='lat' dir='ltr'>judico.</span> <span class='ocrx_word' id='word_1_271' title='bbox 1419 1075 1541 1117; x_wconf 90' lang='lat' dir='ltr'>Nihil</span> <span class='ocrx_word' id='word_1_272' title='bbox 1556 1076 1674 1117; x_wconf 88' lang='lat' dir='ltr'>enim</span> <span class='ocrx_word' id='word_1_273' title='bbox 1687 1074 1793 1116; x_wconf 89' lang='lat' dir='ltr'>mihi</span> <span class='ocrx_word' id='word_1_274' title='bbox 1808 1076 1909 1116; x_wconf 94' lang='lat' dir='ltr'>con-</span> 
     </span>
     <span class='ocr_line' id='line_1_60' title="bbox 1075 1131 1909 1184; baseline 0.001 -12"><span class='ocrx_word' id='word_1_275' title='bbox 1075 1132 1191 1173; x_wconf 94' lang='lat' dir='ltr'>scius</span> <span class='ocrx_word' id='word_1_276' title='bbox 1217 1145 1328 1173; x_wconf 91' lang='lat' dir='ltr'>sum:</span> <span class='ocrx_word' id='word_1_277' title='bbox 1361 1132 1441 1174; x_wconf 92' lang='lat' dir='ltr'>sed</span> <span class='ocrx_word' id='word_1_278' title='bbox 1464 1145 1554 1174; x_wconf 92' lang='lat' dir='ltr'>non</span> <span class='ocrx_word' id='word_1_279' title='bbox 1577 1132 1622 1173; x_wconf 91' lang='lat' dir='ltr'>in</span> <span class='ocrx_word' id='word_1_280' title='bbox 1648 1131 1735 1174; x_wconf 91' lang='lat' dir='ltr'>hoc</span> <span class='ocrx_word' id='word_1_281' title='bbox 1758 1131 1909 1184; x_wconf 88' lang='lat' dir='ltr'>justifi-</span> 
     </span>
     <span class='ocr_line' id='line_1_61' title="bbox 1075 1188 1909 1242; baseline 0.001 -13"><span class='ocrx_word' id='word_1_282' title='bbox 1075 1190 1199 1229; x_wconf 72' lang='lat' dir='ltr'>catus</span> <span class='ocrx_word' id='word_1_283' title='bbox 1225 1202 1336 1230; x_wconf 91' lang='lat' dir='ltr'>sum:</span> <span class='ocrx_word' id='word_1_284' title='bbox 1371 1190 1445 1242; x_wconf 92' lang='lat' dir='ltr'>qui</span> <span class='ocrx_word' id='word_1_285' title='bbox 1469 1194 1618 1231; x_wconf 85' lang='lat' dir='ltr'>autem</span> <span class='ocrx_word' id='word_1_286' title='bbox 1640 1188 1805 1241; x_wconf 78' lang='lat' dir='ltr'>judicat</span> <span class='ocrx_word' id='word_1_287' title='bbox 1826 1200 1909 1238; x_wconf 86' lang='lat' dir='ltr'>me,</span> 
     </span>
     <span class='ocr_line' id='line_1_62' title="bbox 1074 1245 1909 1298; baseline 0.001 -13"><span class='ocrx_word' id='word_1_288' title='bbox 1074 1245 1292 1287; x_wconf 92' lang='lat' dir='ltr'>Dominus</span> <span class='ocrx_word' id='word_1_289' title='bbox 1324 1251 1401 1287; x_wconf 90' lang='lat' dir='ltr'>est.</span> <span class='ocrx_word' id='word_1_290' title='bbox 1446 1247 1603 1298; x_wconf 86' lang='lat' dir='ltr'>Itaque</span> <span class='ocrx_word' id='word_1_291' title='bbox 1638 1245 1775 1287; x_wconf 88' lang='lat' dir='ltr'>nolite</span> <span class='ocrx_word' id='word_1_292' title='bbox 1808 1249 1909 1286; x_wconf 84' lang='lat' dir='ltr'>ante</span> 
     </span>
     <span class='ocr_line' id='line_1_63' title="bbox 1075 1301 1909 1355; baseline 0 -13"><span class='ocrx_word' id='word_1_293' title='bbox 1075 1305 1249 1354; x_wconf 91' lang='lat' dir='ltr'>tempus</span> <span class='ocrx_word' id='word_1_294' title='bbox 1277 1302 1490 1354; x_wconf 78' lang='lat' dir='ltr'>judicare,</span> <span class='ocrx_word' id='word_1_295' title='bbox 1529 1301 1819 1355; x_wconf 79' lang='lat' dir='ltr'>quoadusque</span> <span class='ocrx_word' id='word_1_296' title='bbox 1838 1302 1909 1342; x_wconf 88' lang='lat' dir='ltr'>ve-</span> 
     </span>
     <span class='ocr_line' id='line_1_64' title="bbox 1075 1357 1910 1412; baseline 0.001 -14"><span class='ocrx_word' id='word_1_297' title='bbox 1075 1358 1166 1399; x_wconf 89' lang='lat' dir='ltr'>niat</span> <span class='ocrx_word' id='word_1_298' title='bbox 1192 1359 1425 1400; x_wconf 85' lang='lat' dir='ltr'>Dominus:</span> <span class='ocrx_word' id='word_1_299' title='bbox 1467 1359 1542 1412; x_wconf 89' lang='lat' dir='ltr'>qui</span> <span class='ocrx_word' id='word_1_300' title='bbox 1573 1364 1618 1401; x_wconf 94' lang='lat' dir='ltr'>et</span> <span class='ocrx_word' id='word_1_301' title='bbox 1647 1357 1910 1400; x_wconf 76' lang='lat' dir='ltr'>illuminabit</span> 
     </span>
     <span class='ocr_line' id='line_1_65' title="bbox 1074 1414 1910 1466; baseline 0.001 -12"><span class='ocrx_word' id='word_1_302' title='bbox 1074 1414 1335 1457; x_wconf 85' lang='lat' dir='ltr'>abscondita</span> <span class='ocrx_word' id='word_1_303' title='bbox 1353 1415 1647 1466; x_wconf 75' lang='lat' dir='ltr'>tenebrarum,</span> <span class='ocrx_word' id='word_1_304' title='bbox 1670 1419 1715 1457; x_wconf 93' lang='lat' dir='ltr'>et</span> <span class='ocrx_word' id='word_1_305' title='bbox 1732 1414 1910 1456; x_wconf 88' lang='lat' dir='ltr'>manife-</span> 
     </span>
     <span class='ocr_line' id='line_1_66' title="bbox 1075 1470 1909 1523; baseline 0 -12"><span class='ocrx_word' id='word_1_306' title='bbox 1075 1470 1209 1512; x_wconf 75' lang='lat' dir='ltr'>stabit</span> <span class='ocrx_word' id='word_1_307' title='bbox 1246 1472 1430 1514; x_wconf 88' lang='lat' dir='ltr'>consilia</span> <span class='ocrx_word' id='word_1_308' title='bbox 1466 1471 1685 1523; x_wconf 81' lang='lat' dir='ltr'>cordium3</span> <span class='ocrx_word' id='word_1_309' title='bbox 1728 1476 1772 1513; x_wconf 93' lang='lat' dir='ltr'>et</span> <span class='ocrx_word' id='word_1_310' title='bbox 1803 1476 1909 1513; x_wconf 91' lang='lat' dir='ltr'>tunc</span> 
     </span>
    </p>

    <p class='ocr_par' dir='ltr' id='par_1_21' title="bbox 1074 1527 1700 1582">
     <span class='ocr_line' id='line_1_67' title="bbox 1074 1527 1700 1582; baseline 0.005 -15"><span class='ocrx_word' id='word_1_311' title='bbox 1074 1527 1169 1568; x_wconf 91' lang='lat' dir='ltr'>laus</span> <span class='ocrx_word' id='word_1_312' title='bbox 1189 1528 1274 1570; x_wconf 90' lang='lat' dir='ltr'>erit</span> <span class='ocrx_word' id='word_1_313' title='bbox 1292 1529 1530 1582; x_wconf 89' lang='lat' dir='ltr'>unicuique</span> <span class='ocrx_word' id='word_1_314' title='bbox 1546 1542 1572 1570; x_wconf 88' lang='lat' dir='ltr'>a</span> <span class='ocrx_word' id='word_1_315' title='bbox 1589 1529 1700 1570; x_wconf 87' lang='lat' dir='ltr'>Deo.</span> 
     </span>
    </p>
   </div>
   <div class='ocr_carea' id='block_1_8' title="bbox 1074 1601 1913 2637">
    <p class='ocr_par' dir='ltr' id='par_1_22' title="bbox 1074 1601 1910 1936">
     <span class='ocr_line' id='line_1_68' title="bbox 1134 1601 1910 1654; baseline 0.003 -12"><span class='ocrx_word' id='word_1_316' title='bbox 1134 1603 1183 1653; x_wconf 68' lang='lat' dir='ltr'>R.</span> <span class='ocrx_word' id='word_1_317' title='bbox 1195 1602 1313 1644; x_wconf 89' lang='lat' dir='ltr'>Ecce</span> <span class='ocrx_word' id='word_1_318' title='bbox 1329 1615 1411 1654; x_wconf 86' lang='lat' dir='ltr'>ego</span> <span class='ocrx_word' id='word_1_319' title='bbox 1425 1602 1553 1644; x_wconf 89' lang='lat' dir='ltr'>mitto</span> <span class='ocrx_word' id='word_1_320' title='bbox 1569 1615 1651 1644; x_wconf 90' lang='lat' dir='ltr'>vos</span> <span class='ocrx_word' id='word_1_321' title='bbox 1670 1601 1785 1644; x_wconf 87' lang='lat' dir='ltr'>sicut</span> <span class='ocrx_word' id='word_1_322' title='bbox 1803 1614 1910 1644; x_wconf 90' lang='lat' dir='ltr'>oves</span> 
     </span>
     <span class='ocr_line' id='line_1_69' title="bbox 1074 1657 1910 1711; baseline 0 -13"><span class='ocrx_word' id='word_1_323' title='bbox 1074 1657 1118 1698; x_wconf 93' lang='lat' dir='ltr'>in</span> <span class='ocrx_word' id='word_1_324' title='bbox 1137 1657 1284 1699; x_wconf 92' lang='lat' dir='ltr'>medio</span> <span class='ocrx_word' id='word_1_325' title='bbox 1303 1658 1524 1711; x_wconf 89' lang='lat' dir='ltr'>luporum,</span> <span class='ocrx_word' id='word_1_326' title='bbox 1554 1658 1662 1700; x_wconf 90' lang='lat' dir='ltr'>dicit</span> <span class='ocrx_word' id='word_1_327' title='bbox 1681 1659 1910 1700; x_wconf 90' lang='lat' dir='ltr'>Dominus:</span> 
     </span>
     <span class='ocr_line' id='line_1_70' title="bbox 1081 1715 1910 1768; baseline 0.001 -13"><span class='ocrx_word' id='word_1_328' title='bbox 1081 1716 1103 1740; x_wconf 87' lang='lat'>*</span> <span class='ocrx_word' id='word_1_329' title='bbox 1118 1716 1274 1756; x_wconf 87' lang='lat' dir='ltr'>Estote</span> <span class='ocrx_word' id='word_1_330' title='bbox 1294 1727 1400 1766; x_wconf 88' lang='lat' dir='ltr'>ergo</span> <span class='ocrx_word' id='word_1_331' title='bbox 1423 1715 1665 1768; x_wconf 88' lang='lat' dir='ltr'>prudentes</span> <span class='ocrx_word' id='word_1_332' title='bbox 1685 1715 1799 1756; x_wconf 92' lang='lat' dir='ltr'>sicut</span> <span class='ocrx_word' id='word_1_333' title='bbox 1823 1727 1910 1756; x_wconf 88' lang='lat' dir='ltr'>ser-</span> 
     </span>
     <span class='ocr_line' id='line_1_71' title="bbox 1075 1770 1910 1824; baseline 0 -13"><span class='ocrx_word' id='word_1_334' title='bbox 1075 1772 1242 1822; x_wconf 82' lang='lat' dir='ltr'>penteS,</span> <span class='ocrx_word' id='word_1_335' title='bbox 1253 1775 1297 1812; x_wconf 90' lang='lat' dir='ltr'>et</span> <span class='ocrx_word' id='word_1_336' title='bbox 1312 1771 1534 1824; x_wconf 91' lang='lat' dir='ltr'>simplices</span> <span class='ocrx_word' id='word_1_337' title='bbox 1551 1771 1665 1813; x_wconf 93' lang='lat' dir='ltr'>sicut</span> <span class='ocrx_word' id='word_1_338' title='bbox 1680 1770 1910 1813; x_wconf 80' lang='lat' dir='ltr'>columbae.</span> 
     </span>
     <span class='ocr_line' id='line_1_72' title="bbox 1082 1825 1910 1877; baseline 0 -9"><span class='ocrx_word' id='word_1_339' title='bbox 1082 1825 1131 1877; x_wconf 61' lang='lat' dir='ltr'>V.</span> <span class='ocrx_word' id='word_1_340' title='bbox 1153 1827 1271 1868; x_wconf 93' lang='lat' dir='ltr'>Dum</span> <span class='ocrx_word' id='word_1_341' title='bbox 1294 1827 1439 1869; x_wconf 92' lang='lat' dir='ltr'>lucem</span> <span class='ocrx_word' id='word_1_342' title='bbox 1464 1827 1652 1877; x_wconf 87' lang='lat' dir='ltr'>habetis,</span> <span class='ocrx_word' id='word_1_343' title='bbox 1680 1827 1847 1869; x_wconf 77' lang='lat' dir='ltr'>credite</span> <span class='ocrx_word' id='word_1_344' title='bbox 1865 1827 1910 1868; x_wconf 94' lang='lat' dir='ltr'>in</span> 
     </span>
     <span class='ocr_line' id='line_1_73' title="bbox 1075 1883 1910 1936; baseline 0.002 -12"><span class='ocrx_word' id='word_1_345' title='bbox 1075 1883 1229 1933; x_wconf 90' lang='lat' dir='ltr'>lucem,</span> <span class='ocrx_word' id='word_1_346' title='bbox 1240 1889 1289 1925; x_wconf 91' lang='lat' dir='ltr'>ut</span> <span class='ocrx_word' id='word_1_347' title='bbox 1299 1883 1376 1925; x_wconf 88' lang='lat' dir='ltr'>filii</span> <span class='ocrx_word' id='word_1_348' title='bbox 1387 1884 1497 1926; x_wconf 91' lang='lat' dir='ltr'>lucis</span> <span class='ocrx_word' id='word_1_349' title='bbox 1508 1885 1614 1926; x_wconf 89' lang='lat' dir='ltr'>sitis.</span> <span class='ocrx_word' id='word_1_350' title='bbox 1624 1885 1780 1926; x_wconf 87' lang='lat' dir='ltr'>Estote</span> <span class='ocrx_word' id='word_1_351' title='bbox 1792 1896 1910 1936; x_wconf 89' lang='lat' dir='ltr'>ergo.</span> 
     </span>
    </p>

    <p class='ocr_par' dir='ltr' id='par_1_23' title="bbox 1136 1949 1849 2001">
     <span class='ocr_line' id='line_1_74' title="bbox 1136 1949 1849 2001; baseline 0.001 -11"><span class='ocrx_word' id='word_1_352' title='bbox 1136 1950 1296 1991; x_wconf 82' lang='lat' dir='ltr'>Bcncd.</span> <span class='ocrx_word' id='word_1_353' title='bbox 1329 1949 1583 2001; x_wconf 78' lang='lat' dir='ltr'>Unigenitus</span> <span class='ocrx_word' id='word_1_354' title='bbox 1601 1949 1685 1991; x_wconf 93' lang='lat' dir='ltr'>Dei</span> <span class='ocrx_word' id='word_1_355' title='bbox 1703 1949 1849 1991; x_wconf 83' lang='lat' dir='ltr'>Filius</span> 
     </span>
    </p>

    <p class='ocr_par' dir='ltr' id='par_1_24' title="bbox 1392 2020 1605 2062">
     <span class='ocr_line' id='line_1_75' title="bbox 1392 2020 1605 2062; baseline 0 -2"><span class='ocrx_word' id='word_1_356' title='bbox 1392 2020 1544 2062; x_wconf 87' lang='lat' dir='ltr'>Lectio</span> <span class='ocrx_word' id='word_1_357' title='bbox 1566 2020 1605 2060; x_wconf 87' lang='grc' dir='ltr'>ἰί.</span> 
     </span>
    </p>

    <p class='ocr_par' dir='ltr' id='par_1_25' title="bbox 1172 2080 1911 2132">
     <span class='ocr_line' id='line_1_76' title="bbox 1172 2080 1911 2132; baseline 0.001 -11"><span class='ocrx_word' id='word_1_358' title='bbox 1172 2093 1238 2121; x_wconf 86' lang='lat' dir='ltr'>aec</span> <span class='ocrx_word' id='word_1_359' title='bbox 1249 2085 1409 2130; x_wconf 81' lang='lat' dir='ltr'>autem,</span> <span class='ocrx_word' id='word_1_360' title='bbox 1419 2080 1589 2130; x_wconf 83' lang='lat' dir='ltr'>fratres,</span> <span class='ocrx_word' id='word_1_361' title='bbox 1599 2080 1911 2132; x_wconf 72' lang='lat' dir='ltr'>transfiguravi</span> 
     </span>
    </p>

    <p class='ocr_par' dir='ltr' id='par_1_26' title="bbox 1195 2136 1911 2190">
     <span class='ocr_line' id='line_1_77' title="bbox 1195 2136 1911 2190; baseline 0 -13"><span class='ocrx_word' id='word_1_362' title='bbox 1195 2136 1239 2177; x_wconf 94' lang='lat' dir='ltr'>in</span> <span class='ocrx_word' id='word_1_363' title='bbox 1259 2150 1329 2179; x_wconf 89' lang='lat' dir='ltr'>me</span> <span class='ocrx_word' id='word_1_364' title='bbox 1349 2141 1394 2178; x_wconf 89' lang='lat' dir='ltr'>et</span> <span class='ocrx_word' id='word_1_365' title='bbox 1411 2136 1587 2189; x_wconf 86' lang='lat' dir='ltr'>Apollo,</span> <span class='ocrx_word' id='word_1_366' title='bbox 1611 2142 1797 2190; x_wconf 89' lang='lat' dir='ltr'>propter</span> <span class='ocrx_word' id='word_1_367' title='bbox 1815 2149 1911 2179; x_wconf 87' lang='lat' dir='ltr'>vos:</span> 
     </span>
    </p>

    <p class='ocr_par' dir='ltr' id='par_1_27' title="bbox 1077 2193 1913 2637">
     <span class='ocr_line' id='line_1_78' title="bbox 1078 2193 1911 2247; baseline 0.001 -13"><span class='ocrx_word' id='word_1_368' title='bbox 1078 2198 1126 2235; x_wconf 92' lang='lat' dir='ltr'>ut</span> <span class='ocrx_word' id='word_1_369' title='bbox 1143 2194 1187 2234; x_wconf 91' lang='lat' dir='ltr'>in</span> <span class='ocrx_word' id='word_1_370' title='bbox 1201 2193 1331 2235; x_wconf 90' lang='lat' dir='ltr'>nobis</span> <span class='ocrx_word' id='word_1_371' title='bbox 1347 2193 1539 2243; x_wconf 59' lang='lat' dir='ltr'>discatis</span> <span class='ocrx_word' id='word_1_372' title='bbox 1558 2206 1614 2235; x_wconf 90' lang='lat' dir='ltr'>ne</span> <span class='ocrx_word' id='word_1_373' title='bbox 1629 2206 1765 2247; x_wconf 85' lang='lat' dir='ltr'>supra</span> <span class='ocrx_word' id='word_1_374' title='bbox 1779 2206 1911 2246; x_wconf 88' lang='lat' dir='ltr'>quam</span> 
     </span>
     <span class='ocr_line' id='line_1_79' title="bbox 1078 2249 1912 2302; baseline 0.002 -12"><span class='ocrx_word' id='word_1_375' title='bbox 1078 2250 1291 2302; x_wconf 91' lang='lat' dir='ltr'>scriptum</span> <span class='ocrx_word' id='word_1_376' title='bbox 1319 2254 1397 2299; x_wconf 89' lang='lat' dir='ltr'>est,</span> <span class='ocrx_word' id='word_1_377' title='bbox 1425 2263 1537 2291; x_wconf 92' lang='lat' dir='ltr'>unus</span> <span class='ocrx_word' id='word_1_378' title='bbox 1565 2249 1779 2292; x_wconf 88' lang='lat' dir='ltr'>adversus</span> <span class='ocrx_word' id='word_1_379' title='bbox 1807 2250 1912 2292; x_wconf 68' lang='lat' dir='ltr'>alte-</span> 
     </span>
     <span class='ocr_line' id='line_1_80' title="bbox 1078 2306 1911 2358; baseline 0.002 -12"><span class='ocrx_word' id='word_1_380' title='bbox 1078 2319 1174 2347; x_wconf 94' lang='lat' dir='ltr'>rum</span> <span class='ocrx_word' id='word_1_381' title='bbox 1194 2306 1369 2347; x_wconf 89' lang='lat' dir='ltr'>infletur</span> <span class='ocrx_word' id='word_1_382' title='bbox 1391 2319 1473 2358; x_wconf 92' lang='lat' dir='ltr'>pro</span> <span class='ocrx_word' id='word_1_383' title='bbox 1490 2306 1586 2347; x_wconf 78' lang='lat' dir='ltr'>alio.</span> <span class='ocrx_word' id='word_1_384' title='bbox 1615 2307 1722 2356; x_wconf 91' lang='lat' dir='ltr'>Quis</span> <span class='ocrx_word' id='word_1_385' title='bbox 1738 2307 1853 2348; x_wconf 87' lang='lat' dir='ltr'>enim</span> <span class='ocrx_word' id='word_1_386' title='bbox 1867 2311 1911 2348; x_wconf 89' lang='lat' dir='ltr'>te</span> 
     </span>
     <span class='ocr_line' id='line_1_81' title="bbox 1078 2361 1913 2414; baseline 0.002 -11"><span class='ocrx_word' id='word_1_387' title='bbox 1078 2361 1310 2404; x_wconf 87' lang='lat' dir='ltr'>discernit?</span> <span class='ocrx_word' id='word_1_388' title='bbox 1327 2362 1446 2412; x_wconf 90' lang='lat' dir='ltr'>Quid</span> <span class='ocrx_word' id='word_1_389' title='bbox 1461 2367 1609 2404; x_wconf 85' lang='lat' dir='ltr'>autem</span> <span class='ocrx_word' id='word_1_390' title='bbox 1624 2362 1772 2413; x_wconf 87' lang='lat' dir='ltr'>habes,</span> <span class='ocrx_word' id='word_1_391' title='bbox 1791 2363 1913 2414; x_wconf 88' lang='lat' dir='ltr'>quod</span> 
     </span>
     <span class='ocr_line' id='line_1_82' title="bbox 1078 2416 1912 2471; baseline 0.001 -12"><span class='ocrx_word' id='word_1_392' title='bbox 1078 2431 1166 2459; x_wconf 95' lang='lat' dir='ltr'>non</span> <span class='ocrx_word' id='word_1_393' title='bbox 1191 2416 1424 2470; x_wconf 83' lang='lat' dir='ltr'>accepisti?</span> <span class='ocrx_word' id='word_1_394' title='bbox 1452 2419 1498 2459; x_wconf 89' lang='lat' dir='ltr'>Si</span> <span class='ocrx_word' id='word_1_395' title='bbox 1521 2423 1668 2460; x_wconf 87' lang='lat' dir='ltr'>autem</span> <span class='ocrx_word' id='word_1_396' title='bbox 1690 2419 1912 2471; x_wconf 88' lang='lat' dir='ltr'>accepisti,</span> 
     </span>
     <span class='ocr_line' id='line_1_83' title="bbox 1079 2473 1911 2527; baseline 0 -11"><span class='ocrx_word' id='word_1_397' title='bbox 1079 2474 1187 2526; x_wconf 92' lang='lat' dir='ltr'>quid</span> <span class='ocrx_word' id='word_1_398' title='bbox 1201 2474 1405 2525; x_wconf 75' lang='lat' dir='ltr'>gloriaris</span> <span class='ocrx_word' id='word_1_399' title='bbox 1417 2475 1542 2526; x_wconf 86' lang='lat' dir='ltr'>quasi</span> <span class='ocrx_word' id='word_1_400' title='bbox 1558 2487 1647 2516; x_wconf 90' lang='lat' dir='ltr'>non</span> <span class='ocrx_word' id='word_1_401' title='bbox 1662 2473 1911 2527; x_wconf 85' lang='lat' dir='ltr'>acceperis?</span> 
     </span>
     <span class='ocr_line' id='line_1_84' title="bbox 1077 2530 1912 2582; baseline 0 -10"><span class='ocrx_word' id='word_1_402' title='bbox 1077 2531 1101 2571; x_wconf 91' lang='lat' dir='ltr'><strong>J</strong></span> <span class='ocrx_word' id='word_1_403' title='bbox 1103 2544 1174 2572; x_wconf 87' lang='lat' dir='ltr'>am</span> <span class='ocrx_word' id='word_1_404' title='bbox 1190 2531 1376 2572; x_wconf 79' lang='lat' dir='ltr'>saturati</span> <span class='ocrx_word' id='word_1_405' title='bbox 1391 2531 1506 2581; x_wconf 84' lang='lat' dir='ltr'>estis,</span> <span class='ocrx_word' id='word_1_406' title='bbox 1523 2531 1608 2582; x_wconf 85' lang='lat' dir='ltr'>jam</span> <span class='ocrx_word' id='word_1_407' title='bbox 1627 2530 1788 2572; x_wconf 91' lang='lat' dir='ltr'>divites</span> <span class='ocrx_word' id='word_1_408' title='bbox 1807 2531 1912 2573; x_wconf 88' lang='lat' dir='ltr'>facti</span> 
     </span>
     <span class='ocr_line' id='line_1_85' title="bbox 1079 2587 1912 2637; baseline 0.001 -10"><span class='ocrx_word' id='word_1_409' title='bbox 1079 2587 1198 2628; x_wconf 88' lang='lat' dir='ltr'>estis:</span> <span class='ocrx_word' id='word_1_410' title='bbox 1214 2587 1307 2628; x_wconf 91' lang='lat' dir='ltr'>sine</span> <span class='ocrx_word' id='word_1_411' title='bbox 1322 2587 1450 2629; x_wconf 88' lang='lat' dir='ltr'>nobis</span> <span class='ocrx_word' id='word_1_412' title='bbox 1466 2587 1675 2637; x_wconf 79' lang='lat' dir='ltr'>regnatis:</span> <span class='ocrx_word' id='word_1_413' title='bbox 1686 2591 1730 2628; x_wconf 90' lang='lat' dir='ltr'>et</span> <span class='ocrx_word' id='word_1_414' title='bbox 1744 2587 1912 2629; x_wconf 81' lang='lat' dir='ltr'>utinam</span> 
     </span>
    </p>
   </div>
   <div class='ocr_carea' id='block_1_9' title="bbox 1074 684 1181 827">
    <p class='ocr_par' dir='ltr' id='par_1_28' title="bbox 1074 684 1181 827">
     <span class='ocr_line' id='line_1_86' title="bbox 1074 684 1181 827; baseline 0 0"><span class='ocrx_word' id='word_1_415' title='bbox 1074 684 1181 827; x_wconf 95' lang='lat' dir='ltr'>  </span> 
     </span>
    </p>
   </div>
   <div class='ocr_carea' id='block_1_10' title="bbox 1081 803 1111 816">
    <p class='ocr_par' dir='ltr' id='par_1_29' title="bbox 1081 803 1111 816">
     <span class='ocr_line' id='line_1_87' title="bbox 1081 803 1111 816; baseline 0 0"><span class='ocrx_word' id='word_1_416' title='bbox 1081 808 1082 811; x_wconf 62' lang='lat'>¹</span> <span class='ocrx_word' id='word_1_417' title='bbox 1090 803 1111 816; x_wconf 55' lang='lat' dir='ltr'>&#39;x</span> 
     </span>
    </p>
   </div>
   <div class='ocr_carea' id='block_1_11' title="bbox 1078 2642 1911 2752">
    <p class='ocr_par' dir='ltr' id='par_1_30' title="bbox 1078 2642 1911 2752">
     <span class='ocr_line' id='line_1_88' title="bbox 1079 2642 1911 2695; baseline 0.002 -12"><span class='ocrx_word' id='word_1_418' title='bbox 1079 2643 1282 2694; x_wconf 86' lang='lat' dir='ltr'>regnetis,</span> <span class='ocrx_word' id='word_1_419' title='bbox 1297 2648 1346 2684; x_wconf 95' lang='lat' dir='ltr'>ut</span> <span class='ocrx_word' id='word_1_420' title='bbox 1362 2648 1406 2684; x_wconf 89' lang='lat' dir='ltr'>et</span> <span class='ocrx_word' id='word_1_421' title='bbox 1421 2655 1501 2684; x_wconf 91' lang='lat' dir='ltr'>nos</span> <span class='ocrx_word' id='word_1_422' title='bbox 1517 2642 1747 2684; x_wconf 90' lang='lat' dir='ltr'>vobiscum</span> <span class='ocrx_word' id='word_1_423' title='bbox 1760 2646 1911 2695; x_wconf 84' lang='lat' dir='ltr'>regne-</span> 
     </span>
     <span class='ocr_line' id='line_1_89' title="bbox 1078 2699 1910 2752; baseline 0.001 -11"><span class='ocrx_word' id='word_1_424' title='bbox 1078 2713 1187 2741; x_wconf 91' lang='lat' dir='ltr'>mus.</span> <span class='ocrx_word' id='word_1_425' title='bbox 1231 2700 1345 2741; x_wconf 93' lang='lat' dir='ltr'>Puto</span> <span class='ocrx_word' id='word_1_426' title='bbox 1378 2699 1493 2741; x_wconf 90' lang='lat' dir='ltr'>enim</span> <span class='ocrx_word' id='word_1_427' title='bbox 1526 2699 1648 2752; x_wconf 93' lang='lat' dir='ltr'>quod</span> <span class='ocrx_word' id='word_1_428' title='bbox 1674 2700 1797 2742; x_wconf 90' lang='lat' dir='ltr'>Deus</span> <span class='ocrx_word' id='word_1_429' title='bbox 1828 2713 1910 2742; x_wconf 90' lang='lat' dir='ltr'>nos</span> 
     </span>
    </p>
   </div>
  </div>
 </body>
</html>
