2066 2956
556 182 732 217 Officium
758 182 932 215 votivum
957 180 1003 214 de
1028 179 1216 213 Passione
1240 178 1284 211 l).
1307 178 1350 211 N.
1373 178 1404 210 J.
1428 178 1466 210 (1.

152 280 298 320 terum
320 280 571 320 nostrerum
591 276 755 319 fudisti:
782 283 826 319 te
845 277 980 318 humi-

152 334 251 377 liter
274 333 575 387 deprecamur3
599 338 647 375 ut
669 334 714 374 in
734 333 803 375 die
825 333 981 386 iudicii,

153 390 210 433 ad
238 390 464 433 dexteram
491 395 611 432 tuam
638 389 789 432 audire
816 392 980 432 merea-

152 461 267 489 mur:
298 448 457 489 Vem'te
487 446 726 489 benedicti:
761 448 844 498 Qui
871 446 981 489 vivis

154 510 198 547 et
224 517 391 556 regnas.

424 573 491 609 Ad
514 573 716 610 Primam.

205 635 255 675 In
282 636 331 687 R».
358 634 418 676 br.
444 629 494 681 V.
522 630 606 681 Qui
630 643 712 683 pro
737 629 865 671 nobis
890 630 983 682 pati

153 686 359 739 dignatus
378 700 437 728 es.

422 760 489 797 Ad
512 760 715 797 Tertiam.

207 822 305 861 Ant.
346 818 458 861 Veni
483 817 540 860 ad
563 823 759 860 montem
783 817 983 871 myrrhae.

207 881 345 934 Capit.
380 881 575 921 Fratres:
602 880 703 921 Hoc
722 879 848 920 enim.
871 878 983 931 [266]

207 942 257 993 R.
284 942 346 983 br.
374 939 560 982 Oblatus
588 946 671 990 est,
700 942 721 965 *
749 940 861 990 Quia
887 940 983 992 ipse

153 995 302 1037 veluit.
340 995 538 1038 Oblatus.
571 992 620 1044 W.
651 997 708 1039 Et
731 997 868 1038 livere
892 997 983 1049 ejus

155 1052 293 1094 sanati
319 1065 478 1094 sumus.
515 1054 636 1104 Quia.
678 1053 830 1094 Gleria
852 1053 983 1095 Patri.

155 1107 352 1151 Oblatus.

205 1166 256 1218 V.
283 1171 470 1224 Proprio
489 1170 601 1212 Filio
622 1183 702 1212 suo
722 1183 811 1211 non
828 1171 982 1223 peper-

154 1226 213 1268 cit
233 1227 365 1269 Deus.
402 1227 452 1278 Rz.
479 1227 567 1270 Sed
590 1240 672 1280 pro
698 1226 825 1268 nobis
850 1227 983 1269 emni-

151 1282 235 1325 bus
253 1282 436 1326 tradidit
453 1284 586 1325 illum.

345 1351 565 1401 Tempore
585 1346 796 1388 Paschali.

206 1413 258 1465 R.
276 1412 339 1453 br.
365 1410 552 1453 Oblatus
571 1414 654 1460 est,
674 1409 776 1462 quia
794 1409 890 1462 ipse
909 1412 983 1451 ve-

151 1466 242 1516 luit,
275 1471 299 1494 *
328 1467 529 1520 Alleluia,
562 1466 745 1518 alleluia.
787 1465 984 1508 Oblatus.

154 1520 205 1573 V.
248 1524 304 1566 Et
340 1524 479 1566 livore
516 1524 606 1576 eius
644 1523 786 1565 sanati
822 1536 982 1564 sumus.

153 1579 350 1633 Alleluia,
374 1580 556 1633 alleluia.
593 1579 756 1621 Glaria.
785 1579 984 1621 Oblatus.

207 1635 259 1688 V.
283 1642 470 1694 Preprio
489 1641 602 1683 Filio
621 1653 702 1682 suo
721 1653 809 1682 non
828 1642 983 1693 peper-

153 1697 213 1739 cit
230 1698 367 1749 Deus,
395 1698 579 1750 alleluia.
616 1698 668 1750 Rv.
690 1695 778 1738 Sed
802 1710 886 1749 pro
910 1710 982 1738 no—

151 1753 219 1795 bis
239 1755 439 1797 omnibus
454 1754 636 1797 tradidit
649 1754 782 1803 illum,
801 1754 983 1807 alleluja.

429 1831 498 1880 Ad
520 1831 707 1867 Sextam.

209 1890 310 1930 Ant.
339 1888 561 1930 Foderunt
579 1900 732 1929 manus
751 1900 884 1928 meas.

234 1949 493 2002 Capitulum.
699 1948 829 1990 Zach.
849 1949 906 1988 13.

240 2013 316 2055 uid
343 2019 443 2056 sunt
469 2014 613 2067 plagae
641 2014 737 2063 istae
764 2015 809 2055 in
836 2013 982 2055 medio

267 2072 473 2111 manuum
509 2069 706 2112 tuarum?
760 2071 817 2112 Et
852 2070 983 2112 dicet:

155 2126 237 2167 His
259 2126 462 2179 plagatus
487 2140 584 2168 sum
607 2127 651 2168 in
674 2126 807 2169 domo
832 2129 983 2168 eurum

157 2183 231 2235 qui
250 2182 489 2234 diligebant
505 2196 586 2225 me.

208 2243 259 2295 R.
285 2242 347 2283 br.
376 2244 562 2298 Proprio
588 2244 700 2301 Essio
727 2257 807 2286 suo
836 2246 858 2269 *
882 2243 984 2284 Non

157 2301 354 2353 pepercit
380 2302 512 2342 Deus.
565 2301 764 2354 Preprio.
813 2294 863 2346 V.
897 2298 984 2340 Sed

156 2370 239 2409 pro
265 2356 392 2398 nobis
420 2357 621 2399 omnibus
646 2357 828 2399 tradidit
852 2356 984 2396 illum.

157 2412 269 2454 Non.
296 2413 449 2455 Gloria
468 2414 596 2455 Patri.
623 2413 822 2466 Proprio.

210 2470 261 2520 V.
275 2475 435 2516 Factus
455 2480 522 2516 θεῖ
540 2473 750 2516 obediens
769 2485 908 2524 usque
929 2471 985 2513 ad

157 2535 356 2572 mortem.
387 2532 436 2583 R.
460 2531 650 2573 Mortem
669 2536 815 2572 autem
834 2529 984 2570 crucis.

347 2592 568 2643 Tempore
588 2590 798 2631 Paschali.

210 2652 260 2703 R».
279 2651 340 2692 br.
368 2651 555 2704 Proprio
574 2652 686 2693 Filio
707 2663 786 2692 suo
806 2662 893 2691 non
912 2663 984 2702 pe-

159 2707 300 2759 percit
336 2707 474 2756 Deus,
507 2710 531 2734 *
562 2707 764 2759 Alleluia,
803 2705 985 2758 alleluia.

1034 277 1234 330 Preprio.
1280 273 1329 324 V.
1354 278 1441 320 Sed
1466 290 1548 330 pro
1574 277 1703 319 nobis
1731 278 1863 319 emni-

1034 333 1117 375 bus
1145 333 1329 375 tradidit
1356 334 1489 375 illum.
1531 334 1734 386 Alleluia,
1763 334 1863 375 alle-

1034 390 1131 443 luia.
1161 390 1311 432 Gloria
1329 392 1460 433 Patri.
1487 391 1687 443 Proprio.

1090 442 1139 494 V.
1177 448 1340 490 Factus
1379 453 1446 490 est
1479 447 1691 490 obediens
1723 460 1864 499 usque

1035 503 1092 546 ad
1123 509 1325 555 mortem,
1359 505 1541 556 alleluia.
1599 505 1647 555 R.
1676 504 1865 545 Mortem

1035 566 1182 603 autem
1201 561 1353 611 crucis,
1373 561 1555 613 alleluia.

1314 631 1381 667 Ad
1405 631 1589 667 Nonam.

1090 686 1188 726 Ant.
1219 686 1330 725 Cum
1350 685 1596 736 accepisset
1614 683 1638 723 J
1642 695 1753 724 esus.

1117 746 1376 798 Capitulum.
1580 744 1706 784 Isaiae
1726 744 1790 782 53.

1119 806 1414 847 eneratienem
1447 807 1539 857 eius
1568 804 1664 857 quis
1697 806 1866 845 enarra-

1147 861 1237 904 bit?
1294 863 1406 913 Quia
1447 862 1668 904 abscissus
1708 866 1775 902 est
1811 861 1865 903 de

1036 925 1153 961 terra
1197 919 1453 961 viventium:
1497 924 1681 972 propter
1724 918 1866 959 scelus

1036 976 1193 1030 populi
1210 976 1296 1017 mei
1314 976 1513 1029 percussi
1533 989 1642 1017 eum.

1092 1040 1142 1091 R.
1162 1039 1222 1081 br.
1242 1038 1402 1079 Factus
1429 1042 1495 1079 θεῖ
1519 1036 1729 1079 obediens
1754 1036 1865 1078 *Us-

1039 1107 1123 1147 que
1149 1093 1206 1135 ad
1228 1099 1426 1136 mortem.
1466 1093 1637 1135 Factus.
1680 1088 1729 1139 Y.
1752 1093 1865 1134 Mor-

1035 1156 1126 1192 tem
1150 1155 1296 1192 autem
1319 1151 1470 1193 crucis
1510 1150 1674 1202 Usque.
1718 1149 1869 1191 Glaria

1037 1207 1167 1249 Patri.
1201 1208 1374 1249 Factus.

1092 1261 1142 1313 V.
1172 1265 1274 1317 Ipse
1307 1264 1559 1306 vulneratus
1589 1268 1656 1305 est
1683 1268 1867 1316 propter

1036 1320 1288 1372 iniquitates
1312 1326 1497 1363 nostras.
1542 1323 1590 1374 Rg.
1612 1320 1669 1361 Et
1693 1321 1866 1361 attritus

1038 1382 1104 1419 est
1122 1383 1307 1430 propter
1329 1378 1495 1419 scelera
1514 1382 1675 1418 nostra.

1230 1441 1451 1491 Tempore
1472 1438 1683 1479 Paschali.

1092 1500 1142 1551 R».
1171 1499 1233 1540 br.
1272 1500 1433 1540 Factus
1463 1502 1529 1539 est
1557 1497 1770 1539 obediens
1798 1510 1865 1537 us-

1037 1568 1122 1607 que
1142 1556 1198 1596 ad
1217 1560 1414 1605 mortem,
1432 1558 1455 1581 *
1467 1554 1664 1606 Alleluia,
1684 1553 1865 1604 alleluia.

1036 1613 1209 1654 Factus.
1248 1609 1299 1661 V.
1326 1613 1514 1654 Mortem
1540 1616 1687 1652 autem
1713 1610 1865 1651 crucis.

1035 1669 1239 1722 Alleluia,
1291 1669 1473 1721 alleluja.
1513 1713 1515 1717 ¹
1541 1667 1690 1709 Gloria
1734 1667 1865 1708 Patri.

1035 1727 1208 1768 Factus.

1093 1777 1143 1829 V.
1172 1784 1275 1835 Ipse
1303 1782 1558 1824 vulneratus
1587 1786 1653 1822 est
1681 1785 1864 1832 propter

1035 1839 1290 1891 iniquitates
1309 1845 1498 1889 nostras,
1522 1837 1706 1889 alleluia.
1742 1836 1865 1888 1521st

1035 1898 1209 1937 attritus
1230 1901 1296 1937 est
1315 1898 1497 1948 propter
1521 1894 1687 1936 scelera
1705 1898 1864 1941 nostra,

1036 1952 1217 2005 alleluja.

1238 2026 1299 2066 In
1325 2025 1386 2066 11.
1415 2022 1664 2073 vesperis.

1093 2089 1230 2124 Omnia
1254 2093 1294 2123 ut
1319 2089 1357 2122 in
1382 2088 1407 2122 Ι.
1428 2086 1530 2130 [254],
1563 2091 1704 2130 praeter
1728 2097 1832 2129 sequ.

1092 2137 1143 2187 V.
1169 2140 1272 2192 Ipse
1304 2139 1555 2180 vulneratus
1586 2143 1652 2178 est
1680 2141 1864 2189 propter

1035 2196 1287 2248 iniquitates
1313 2200 1497 2237 nostras.
1535 2197 1585 2247 R.
1610 2195 1667 2235 Et
1691 2195 1864 2235 attritus

1037 2257 1104 2294 est
1122 2257 1307 2305 propter
1327 2251 1493 2293 scelera
1511 2255 1672 2292 nostra.

1091 2315 1162 2356 Ad
1190 2315 1361 2363 Magnis.
1394 2314 1491 2354 Ant.
1528 2313 1766 2363 Deponens
1793 2310 1864 2351 Jo-

1037 2369 1147 2422 seph
1183 2371 1206 2396 *
1242 2381 1402 2421 corpus
1430 2368 1534 2408 Jesu
1566 2366 1750 2408 involvit
1782 2368 1863 2407 sin-

1038 2425 1164 2475 done,
1184 2430 1227 2467 et
1241 2425 1389 2478 posuit
1406 2437 1504 2465 eum
1522 2423 1565 2463 in
1580 2424 1864 2464 monumento

1037 2485 1197 2523 exciso.
1251 2481 1350 2522 Fuit
1378 2480 1579 2533 planctus
1611 2492 1793 2530 magnus
1822 2479 1865 2519 in

1036 2538 1110 2579 illa
1138 2537 1225 2587 die3
1255 2537 1458 2578 mulieres
1486 2541 1632 2577 autem
1660 2534 1865 2577 sedentes

1038 2600 1190 2636 contra
1211 2592 1491 2646 sepulchrum
1510 2591 1730 2642 dolebant,
1753 2592 1865 2633 sicut

1037 2649 1178 2692 doleri
1197 2649 1309 2690 solet
1328 2649 1371 2689 in
1389 2654 1530 2690 morte
1550 2647 1838 2701 primogeniti.

1299 2738 1360 2739 εἶ
1398 2733 1408 2744 0
1427 2725 1475 2751 <³>
1494 2733 1504 2744 .,
1570 2738 1606 2740 γ,
