2066 2904
582 157 653 191 Die
682 158 730 191 16.
756 157 856 199 Maii.
904 158 939 191 S.
965 158 1108 191 Ubaldi
1133 158 1262 200 Episc.
1290 164 1324 191 ct
1350 158 1458 192 Conf.

1812 153 1886 188 507

165 254 230 295 tui
248 252 459 294 solemnia
478 251 677 301 colimus,
704 251 794 301 eius
815 250 934 302 apud
953 255 998 292 te

164 307 552 351 intercessionibus
589 305 854 358 adjuvemur.
913 307 998 348 Per

165 365 403 406 Dominum
424 368 635 405 nostrum.

471 417 623 460 Lectio
644 418 683 457 ii.

164 478 466 582 .onifacius,
488 477 595 519 civis
615 477 855 525 Romanus,
877 477 998 528 quod

261 548 361 576 cum
381 534 521 585 Aglae
544 533 680 575 nobili
702 534 902 574 matrona
921 533 997 573 im-

164 590 325 643 pudice
344 593 548 632 versatus
574 593 707 638 esset,
731 594 855 630 tanto
881 588 996 629 illius

164 646 515 699 intemperantiae
548 645 703 686 dolore
732 649 887 696 captus
919 650 997 695 est,

164 708 212 744 ut
230 703 503 756 poenitentiae
524 714 655 742 causa
675 714 723 742 se
742 701 799 741 ad
819 701 996 752 conqui-

165 758 301 800 renda
317 763 361 800 et
376 756 630 811 sepelienda
644 757 887 809 Martyrum
904 759 996 797 cor-

164 827 277 867 pora
322 813 566 855 contulerit.
627 814 783 865 Itaque
834 812 997 853 relictis

164 869 531 923 peregrinationis
559 869 707 918 sociis,
742 882 841 909 cum
868 868 996 908 Tarsi

163 926 327 968 multos
371 930 556 979 propter
603 925 851 966 christianae
894 924 997 966 fidei

164 983 485 1035 professionem
503 981 635 1023 variis
657 981 887 1022 tormentis
911 994 999 1022 cru-

165 1039 306 1080 ciatos
350 1037 550 1087 vidisset,
603 1037 779 1078 illorum
823 1038 998 1078 vincula

165 1094 404 1143 osculatus,
437 1106 514 1135 eos
542 1092 825 1134 vehementer
851 1092 996 1134 horta-

164 1149 304 1200 batur,
323 1155 372 1191 ut
391 1151 645 1191 constanter
664 1149 881 1201 supplicia
900 1162 996 1201 per-

164 1206 338 1256 ferrent,
354 1205 476 1258 quod
489 1205 669 1247 brevem
682 1204 883 1246 laborem
895 1218 998 1246 sem-

163 1262 335 1314 piterna
379 1262 555 1314 requies
600 1264 893 1302 consecutura
930 1262 996 1303 sit.

166 1318 521 1370 Comprehensus
553 1318 699 1368 igitur,
736 1317 889 1359 ferreis
921 1321 996 1358 un-

164 1374 276 1425 gulis
301 1374 634 1415 excarnificatus
660 1378 742 1414 est:
769 1374 839 1414 cui
865 1374 997 1414 etiam

163 1431 278 1471 inter
309 1431 516 1471 manuum
545 1442 714 1480 ungues
748 1433 792 1470 et
822 1442 997 1471 carnem

165 1486 282 1527 acuti
300 1485 457 1527 calami
476 1491 578 1527 sunt
595 1485 728 1534 infixi,
749 1484 996 1537 plumbum-

166 1554 251 1593 que
264 1542 549 1594 liquefactum
562 1542 606 1582 in
621 1554 672 1582 os
688 1542 779 1593 ejus
794 1541 996 1582 infnsum.

165 1597 333 1648 Quibus
356 1598 401 1638 in
427 1597 692 1639 cruciatibus
719 1610 772 1638 ea
790 1610 879 1638 vox
903 1602 996 1638 tan-

163 1659 258 1695 tum
279 1653 494 1695 Bonifacii
518 1653 795 1695 audiebatur:
819 1653 996 1694 Gratias

163 1709 245 1751 tibi
263 1723 346 1762 ago
366 1710 556 1751 Domine
574 1710 600 1750 J
602 1722 680 1751 esu
701 1709 890 1761 Christe,
915 1710 997 1750 Fili

162 1766 259 1807 Dei.

464 1819 617 1860 Lectio
637 1820 693 1859 iii.

273 1891 331 1919 ox
350 1878 394 1918 in
413 1877 547 1919 ollam
565 1877 773 1919 ferventis
792 1879 905 1931 picis
925 1879 997 1920 de-

293 1936 430 1975 misso
472 1933 617 1986 capite
654 1936 877 1986 conjectus
915 1940 997 1977 est:

164 1989 281 2031 unde
313 2002 412 2031 cum
443 1990 679 2032 inviolatus
712 1993 891 2042 exisset,
928 1992 993 2034 ira

165 2046 367 2087 incensus
390 2045 521 2097 judex
544 2059 644 2087 eum
663 2047 806 2089 securi
823 2050 995 2101 percuti

164 2101 295 2154 jubet.
323 2103 420 2152 Quo
435 2104 636 2155 tempore
650 2116 834 2154 magnus
849 2109 996 2146 161136-

164 2160 310 2199 motus
329 2158 470 2199 factus
490 2163 573 2209 est,
601 2159 663 2200 ita
685 2164 734 2200 ut
756 2160 881 2201 multi
903 2161 995 2201 infi-

166 2212 286 2255 deles
301 2213 359 2255 ad
375 2213 536 2255 Christi
550 2215 728 2256 Domini
743 2215 878 2257 fidem
897 2229 997 2257 con-

164 2271 450 2311 verterentur.
512 2270 626 2311 Eum
677 2272 879 2323 sequenti
925 2271 996 2314 die
1054 2273 1135 2327 {33ss

166 2327 414 2376 quae'rentes
434 2326 557 2377 socii,
584 2339 683 2367 cum
704 2327 917 2380 martyrio
937 2328 995 2368 af-

164 2381 327 2422 fectum
372 2384 701 2432 cognovissent,
749 2383 996 2434 quingentis
1060 2379 1077 2397 ²*

165 2436 317 2478 solidis
338 2438 428 2489 ejus
448 2449 612 2490 corpus
631 2438 927 2489 redemerunt,
952 2444 996 2480 et

166 2492 392 2533 conditum
410 2494 658 2543 unguentis,
682 2493 916 2546 linteisque
935 2494 995 2534 in-

166 2548 362 2589 volutum
380 2549 570 2590 Romam
587 2549 855 2602 portandum
874 2551 996 2590 cura-

166 2607 276 2644 runt.
303 2604 434 2654 Quod
452 2605 615 2647 factum
635 2618 734 2646 cum
755 2605 809 2646 ab
823 2605 995 2656 Angelo

171 2658 307 2708 Aglae
325 2663 543 2710 matrona,
563 2674 662 2712 quae
682 2666 726 2702 et
744 2661 840 2713 ipsa
858 2661 995 2713 po'eni-

1050 255 1148 292 tens
1186 263 1234 292 se
1272 251 1358 303 piis
1397 251 1605 303 operibus
1642 252 1884 304 addixerat,

1051 309 1347 358 cognovisset3
1367 307 1578 359 prodiens
1594 308 1772 350 obviam
1789 322 1883 350 san-

1051 367 1123 404 610
1139 364 1329 416 corpori,
1349 364 1579 405 ecclesiam
1599 366 1691 417 ejus
1708 366 1885 407 nomine

1051 418 1300 461 aedificavit:
1319 420 1364 460 in
1385 433 1471 472 qua
1486 433 1648 473 corpus
1664 421 1885 473 sepultum

1051 480 1118 516 est
1149 475 1291 517 Nonis
1318 476 1342 517 J
1345 477 1450 526 unii,
1483 490 1583 518 cum
1617 479 1708 528 ejus
1742 478 1885 518 anima

1050 531 1192 583 pridie
1216 532 1324 573 Idus
1344 533 1445 583 Maii
1471 533 1590 585 apud
1609 534 1798 574 Tarsum
1820 535 1886 575 Ci-

1050 587 1162 628 liciae
1194 589 1349 630 urbem
1380 589 1614 639 migrasset
1641 590 1684 630 in
1713 590 1885 640 coelum,

1049 643 1329 686 Diocletiano
1351 650 1395 687 et
1413 645 1679 687 Maximiano
1700 647 1885 699 impera-

1050 703 1231 744 toribus.

1107 760 1170 800 Te
1190 759 1334 799 Deum
1352 758 1594 800 laudamus.
1613 759 1673 799 15.

1099 821 1169 860 Ad
1191 820 1325 860 Laud.
1356 821 1451 860 Ant.
1488 819 1611 859 Filiae
1630 819 1886 870 Jerusalem,

1051 877 1207 924 venite,
1228 879 1271 915 et
1288 874 1436 915 videte
1455 875 1674 926 Martyres
1696 888 1795 916 cum
1815 889 1885 917 co-

1051 932 1181 981 ronis,
1209 930 1368 983 quibus
1389 931 1618 972 coronavit
1639 944 1715 972 608
1735 932 1885 973 Domi-

1051 1001 1133 1028 nus
1157 988 1201 1027 in
1229 986 1299 1028 die
1327 987 1619 1029 solemnitatis
1643 993 1687 1029 61
1706 988 1885 1038 laetitiae,

1051 1043 1237 1094 alleluja,
1258 1043 1441 1095 alleluja.

1100 1093 1149 1145 V.
1166 1100 1368 1141 Pretiosa
1385 1100 1428 1140 in
1443 1101 1685 1151 conspectu
1696 1100 1884 1150 Domini,

1051 1155 1234 1206 alleluja.
1268 1155 1317 1206 R.
1350 1156 1471 1197 Mors
1500 1159 1755 1197 sanctorum
1781 1157 1884 1208 ejus,

1051 1211 1233 1263 alleluja.

1289 1356 1299 1365 ἱ
1322 1307 1405 1348 Die
1425 1308 1485 1348 16.
1505 1308 1616 1359 Maji.

1158 1375 1201 1415 S.
1220 1375 1406 1416 Ubaldi
1421 1373 1566 1423 Episc.
1589 1379 1631 1413 et
1653 1373 1772 1412 Conf.

1335 1437 1597 1480 Scmiduplcx.

1102 1495 1238 1529 Omnia
1270 1494 1316 1527 de
1348 1494 1493 1527 Comm.
1527 1493 1635 1527 Conf.
1668 1493 1774 1526 Pont.
1814 1494 1882 1536 [66]
1931 1500 1933 1526 ζ

1049 1549 1190 1587 praeter
1215 1552 1320 1584 sequ.
1344 1587 1348 1589 Β
1401 1590 1406 1592 α

1388 1590 1551 1629 Oratio.

1050 1644 1311 1749 Auxilium
1349 1653 1474 1689 tuum
1509 1648 1657 1699 nobis,
1695 1649 1885 1690 Domine

1155 1706 1423 1755 quaesumus,
1442 1704 1643 1756 placatus
1661 1705 1882 1756 impende:

1051 1765 1095 1802 et
1116 1760 1432 1802 intercessione
1456 1760 1575 1802 beati
1594 1760 1755 1802 Ubaldi
1775 1761 1886 1802 Con-

1050 1816 1232 1857 fessoris
1251 1816 1316 1856 tui
1335 1821 1468 1868 atque
1484 1817 1712 1858 Pontificis
1733 1822 1886 1858 contra

1051 1885 1204 1913 omnes
1230 1871 1395 1913 diaboli
1419 1873 1638 1925 nequitias
1658 1873 1886 1915 dexteram

1051 1941 1185 1980 super
1218 1941 1301 1970 nos
1333 1933 1422 1969 tuae
1454 1929 1785 1982 propitiationis
1814 1941 1884 1969 ex-

1049 1983 1193 2026 tende.
1231 1985 1317 2026 Per
1336 1985 1586 2026 Dominum.

1099 2046 1141 2079 In
1171 2046 1197 2079 I.
1227 2046 1428 2079 Nocturno
1463 2046 1668 2079 Lectiones
1705 2047 1751 2079 de

1050 2097 1162 2135 ptura
1188 2098 1423 2127 occurrente.

1281 2154 1331 2192 In
1352 2154 1402 2191 ΙΙ.
1425 2154 1648 2192 Nocturno.

1355 2213 1506 2253 Lectio
1527 2213 1579 2251 iv.

1785 2046 1882 2079 Scri-

1139 2285 1157 2329 33
1175 2271 1358 2323 baldus,
1394 2272 1585 2324 Eugubii
1621 2273 1665 2312 in
1702 2273 1884 2315 Umbria

1054 2363 1056 2372 .
1097 2321 1173 2378 ³52¹,
1200 2327 1338 2369 nobili
1369 2329 1530 2379 genere
1563 2333 1707 2379 natus,
1742 2341 1768 2370 a
1797 2330 1883 2382 pri—

1200 2384 1282 2424 mis
1311 2384 1434 2424 annis
1462 2384 1627 2436 pietate
1657 2389 1702 2425 et
1725 2384 1882 2427 litteris

1050 2439 1224 2490 egregie
1249 2445 1315 2481 est
1342 2440 1580 2481 institutus:
1608 2441 1782 2492 jamque
1809 2441 1881 2483 ad-

1050 2494 1261 2545 olescens,
1280 2500 1328 2536 ut
1345 2497 1529 2536 uxorem
1549 2495 1741 2546 duceret,
1761 2510 1881 2549 saepe

1048 2553 1259 2600 tentatus,
1287 2564 1526 2602 numquam
1552 2557 1701 2594 tamen
1728 2566 1754 2594 a
1781 2566 1880 2605 pro-

1047 2607 1198 2659 posito
1240 2606 1472 2648 servandae
1508 2607 1773 2658 virginitatis
1817 2622 1881 2651 16-

1048 2663 1192 2703 cessit.
1219 2662 1438 2704 Sacerdos
1457 2662 1650 2714 61166108,
1668 2665 1879 2717 patrimo—
