<?xml version="1.0" encoding="UTF-8"?>
<!DOCTYPE html PUBLIC "-//W3C//DTD XHTML 1.0 Transitional//EN"
    "http://www.w3.org/TR/xhtml1/DTD/xhtml1-transitional.dtd">
<html xmlns="http://www.w3.org/1999/xhtml" xml:lang="en" lang="en">
 <head>
  <title>
</title>
<meta http-equiv="Content-Type" content="text/html;charset=utf-8" />
  <meta name='ocr-system' content='tesseract 3.04.00' />
  <meta name='ocr-capabilities' content='ocr_page ocr_carea ocr_par ocr_line ocrx_word'/>
</head>
<body>
  <div class='ocr_page' id='page_1' title='image "./p2breviariumroma00cathuoft_0085.png"; bbox 0 0 2028 2892; ppageno 0'>
   <div class='ocr_carea' id='block_1_1' title="bbox 715 164 1292 204">
    <p class='ocr_par' dir='ltr' id='par_1_1' title="bbox 715 164 1292 204">
     <span class='ocr_line' id='line_1_1' title="bbox 715 164 1292 204; baseline 0.01 -6"><span class='ocrx_word' id='word_1_1' title='bbox 715 164 824 199; x_wconf 81' lang='lat' dir='ltr'><strong>Feria</strong></span> <span class='ocrx_word' id='word_1_2' title='bbox 849 166 958 201; x_wconf 78' lang='lat' dir='ltr'><strong>tertia</strong></span> <span class='ocrx_word' id='word_1_3' title='bbox 985 168 1033 201; x_wconf 81' lang='lat' dir='ltr'><strong>ad</strong></span> <span class='ocrx_word' id='word_1_4' title='bbox 1058 168 1292 204; x_wconf 80' lang='lat' dir='ltr'><strong>Matutinum.</strong></span> 
     </span>
    </p>
   </div>
   <div class='ocr_carea' id='block_1_2' title="bbox 145 259 978 2741">
    <p class='ocr_par' dir='ltr' id='par_1_2' title="bbox 151 259 978 370">
     <span class='ocr_line' id='line_1_2' title="bbox 201 259 978 304; baseline 0.005 -4"><span class='ocrx_word' id='word_1_5' title='bbox 201 259 363 302; x_wconf 84' lang='lat' dir='ltr'><strong>Ferant</strong></span> <span class='ocrx_word' id='word_1_6' title='bbox 406 260 635 302; x_wconf 86' lang='lat' dir='ltr'><strong>confestim</strong></span> <span class='ocrx_word' id='word_1_7' title='bbox 680 262 978 304; x_wconf 84' lang='lat' dir='ltr'><strong>confusionem</strong></span> 
     </span>
     <span class='ocr_line' id='line_1_3' title="bbox 151 316 978 370; baseline 0.005 -13"><span class='ocrx_word' id='word_1_8' title='bbox 151 316 315 367; x_wconf 81' lang='lat' dir='ltr'><strong>suam‚*</strong></span> <span class='ocrx_word' id='word_1_9' title='bbox 327 316 401 369; x_wconf 90' lang='lat' dir='ltr'><strong>qui</strong></span> <span class='ocrx_word' id='word_1_10' title='bbox 416 316 565 359; x_wconf 90' lang='lat' dir='ltr'><strong>dicunt</strong></span> <span class='ocrx_word' id='word_1_11' title='bbox 578 317 697 358; x_wconf 91' lang='lat' dir='ltr'><strong>mihi:</strong></span> <span class='ocrx_word' id='word_1_12' title='bbox 711 318 842 370; x_wconf 88' lang='lat' dir='ltr'><strong>Euge,</strong></span> <span class='ocrx_word' id='word_1_13' title='bbox 858 332 978 370; x_wconf 90' lang='lat' dir='ltr'><strong>euge.</strong></span> 
     </span>
    </p>

    <p class='ocr_par' dir='ltr' id='par_1_3' title="bbox 151 372 977 593">
     <span class='ocr_line' id='line_1_4' title="bbox 203 372 974 428; baseline 0.006 -15"><span class='ocrx_word' id='word_1_14' title='bbox 203 372 444 422; x_wconf 82' lang='lat' dir='ltr'><strong>Exsultent‚</strong></span> <span class='ocrx_word' id='word_1_15' title='bbox 473 378 517 414; x_wconf 90' lang='lat' dir='ltr'><strong>et</strong></span> <span class='ocrx_word' id='word_1_16' title='bbox 543 373 744 416; x_wconf 84' lang='lat' dir='ltr'><strong>laetentur</strong></span> <span class='ocrx_word' id='word_1_17' title='bbox 773 387 904 428; x_wconf 88' lang='lat' dir='ltr'><strong>super</strong></span> <span class='ocrx_word' id='word_1_18' title='bbox 930 381 974 418; x_wconf 90' lang='lat' dir='ltr'><strong>te</strong></span> 
     </span>
     <span class='ocr_line' id='line_1_5' title="bbox 151 431 977 481; baseline 0.006 -12"><span class='ocrx_word' id='word_1_19' title='bbox 151 441 302 470; x_wconf 88' lang='lat' dir='ltr'><strong>omnes</strong></span> <span class='ocrx_word' id='word_1_20' title='bbox 337 431 582 481; x_wconf 84' lang='lat' dir='ltr'><strong>quaerentes</strong></span> <span class='ocrx_word' id='word_1_21' title='bbox 616 435 675 471; x_wconf 89' lang='lat' dir='ltr'><strong>te:</strong></span> <span class='ocrx_word' id='word_1_22' title='bbox 703 431 726 456; x_wconf 89' lang='lat'>*</span> <span class='ocrx_word' id='word_1_23' title='bbox 755 436 799 473; x_wconf 90' lang='lat' dir='ltr'><strong>et</strong></span> <span class='ocrx_word' id='word_1_24' title='bbox 832 431 977 474; x_wconf 87' lang='lat' dir='ltr'><strong>dicant</strong></span> 
     </span>
     <span class='ocr_line' id='line_1_6' title="bbox 151 486 977 542; baseline 0.006 -16"><span class='ocrx_word' id='word_1_25' title='bbox 151 497 339 538; x_wconf 84' lang='lat' dir='ltr'>semper:</span> <span class='ocrx_word' id='word_1_26' title='bbox 351 486 655 537; x_wconf 90' lang='lat' dir='ltr'><strong>Magnificetur</strong></span> <span class='ocrx_word' id='word_1_27' title='bbox 664 487 891 530; x_wconf 86' lang='lat' dir='ltr'><strong>Dominus:</strong></span> <span class='ocrx_word' id='word_1_28' title='bbox 904 489 977 542; x_wconf 92' lang='lat' dir='ltr'><strong>qui</strong></span> 
     </span>
     <span class='ocr_line' id='line_1_7' title="bbox 151 540 710 593; baseline 0.004 -11"><span class='ocrx_word' id='word_1_29' title='bbox 151 540 334 593; x_wconf 89' lang='lat' dir='ltr'><strong>diligunt</strong></span> <span class='ocrx_word' id='word_1_30' title='bbox 361 542 551 584; x_wconf 88' lang='lat' dir='ltr'><strong>salutare</strong></span> <span class='ocrx_word' id='word_1_31' title='bbox 578 548 710 584; x_wconf 91' lang='lat' dir='ltr'><strong>tuum.</strong></span> 
     </span>
    </p>

    <p class='ocr_par' dir='ltr' id='par_1_4' title="bbox 150 598 976 706">
     <span class='ocr_line' id='line_1_8' title="bbox 202 598 975 654; baseline 0.005 -15"><span class='ocrx_word' id='word_1_32' title='bbox 202 598 298 649; x_wconf 91' lang='lat' dir='ltr'><strong>Ego</strong></span> <span class='ocrx_word' id='word_1_33' title='bbox 310 603 456 641; x_wconf 92' lang='lat' dir='ltr'><strong>autem</strong></span> <span class='ocrx_word' id='word_1_34' title='bbox 470 598 697 641; x_wconf 88' lang='lat' dir='ltr'><strong>mendicus</strong></span> <span class='ocrx_word' id='word_1_35' title='bbox 708 613 803 642; x_wconf 90' lang='lat' dir='ltr'><strong>sum</strong></span> <span class='ocrx_word' id='word_1_36' title='bbox 814 605 857 642; x_wconf 91' lang='lat' dir='ltr'><strong>et</strong></span> <span class='ocrx_word' id='word_1_37' title='bbox 873 614 975 654; x_wconf 88' lang='lat' dir='ltr'><strong>pau-</strong></span> 
     </span>
     <span class='ocr_line' id='line_1_9' title="bbox 150 655 976 706; baseline 0.004 -10"><span class='ocrx_word' id='word_1_38' title='bbox 150 666 244 706; x_wconf 87' lang='lat' dir='ltr'>per:</span> <span class='ocrx_word' id='word_1_39' title='bbox 261 655 284 681; x_wconf 86' lang='lat'>*</span> <span class='ocrx_word' id='word_1_40' title='bbox 306 655 520 697; x_wconf 84' lang='lat' dir='ltr'><strong>Dominus</strong></span> <span class='ocrx_word' id='word_1_41' title='bbox 548 655 759 698; x_wconf 90' lang='lat' dir='ltr'><strong>sollicitus</strong></span> <span class='ocrx_word' id='word_1_42' title='bbox 789 662 854 699; x_wconf 90' lang='lat' dir='ltr'><strong>est</strong></span> <span class='ocrx_word' id='word_1_43' title='bbox 881 658 976 700; x_wconf 90' lang='lat' dir='ltr'><strong>mei.</strong></span> 
     </span>
    </p>

    <p class='ocr_par' dir='ltr' id='par_1_5' title="bbox 148 710 976 819">
     <span class='ocr_line' id='line_1_10' title="bbox 202 710 976 765; baseline 0.005 -13"><span class='ocrx_word' id='word_1_44' title='bbox 202 710 390 764; x_wconf 82' lang='lat' dir='ltr'><strong>Adjutor</strong></span> <span class='ocrx_word' id='word_1_45' title='bbox 406 725 539 763; x_wconf 58' lang='lat' dir='ltr'><strong>meus</strong></span> <span class='ocrx_word' id='word_1_46' title='bbox 557 717 600 754; x_wconf 90' lang='lat' dir='ltr'><strong>et</strong></span> <span class='ocrx_word' id='word_1_47' title='bbox 615 715 840 765; x_wconf 89' lang='lat' dir='ltr'><strong>protector</strong></span> <span class='ocrx_word' id='word_1_48' title='bbox 853 727 976 756; x_wconf 89' lang='lat' dir='ltr'><strong>meus</strong></span> 
     </span>
     <span class='ocr_line' id='line_1_11' title="bbox 148 768 976 819; baseline 0.005 -11"><span class='ocrx_word' id='word_1_49' title='bbox 148 772 198 809; x_wconf 92' lang='lat' dir='ltr'><strong>tu</strong></span> <span class='ocrx_word' id='word_1_50' title='bbox 225 768 459 810; x_wconf 85' lang='lat' dir='ltr'><strong>es:*Deus</strong></span> <span class='ocrx_word' id='word_1_51' title='bbox 485 781 620 819; x_wconf 87' lang='lat' dir='ltr'><strong>meus,</strong></span> <span class='ocrx_word' id='word_1_52' title='bbox 647 782 702 810; x_wconf 95' lang='lat' dir='ltr'><strong>ne</strong></span> <span class='ocrx_word' id='word_1_53' title='bbox 721 769 976 812; x_wconf 86' lang='lat' dir='ltr'><strong>tardaveris.</strong></span> 
     </span>
    </p>

    <p class='ocr_par' dir='ltr' id='par_1_6' title="bbox 148 825 976 922">
     <span class='ocr_line' id='line_1_12' title="bbox 206 825 976 879; baseline 0.006 -15"><span class='ocrx_word' id='word_1_54' title='bbox 206 825 304 865; x_wconf 83' lang='lat' dir='ltr'><strong>Ant.</strong></span> <span class='ocrx_word' id='word_1_55' title='bbox 335 825 390 867; x_wconf 92' lang='lat' dir='ltr'><strong>Ut</strong></span> <span class='ocrx_word' id='word_1_56' title='bbox 406 838 494 867; x_wconf 94' lang='lat' dir='ltr'><strong>non</strong></span> <span class='ocrx_word' id='word_1_57' title='bbox 512 825 761 878; x_wconf 84' lang='lat' dir='ltr'>delinquam</span> <span class='ocrx_word' id='word_1_58' title='bbox 774 826 818 867; x_wconf 93' lang='lat' dir='ltr'><strong>in</strong></span> <span class='ocrx_word' id='word_1_59' title='bbox 831 827 976 879; x_wconf 90' lang='lat' dir='ltr'><strong>lingua</strong></span> 
     </span>
     <span class='ocr_line' id='line_1_13' title="bbox 148 892 256 922; baseline 0.009 -2"><span class='ocrx_word' id='word_1_60' title='bbox 148 892 256 922; x_wconf 90' lang='lat' dir='ltr'><strong>mea.</strong></span> 
     </span>
    </p>

    <p class='ocr_par' dir='ltr' id='par_1_7' title="bbox 205 937 451 980">
     <span class='ocr_line' id='line_1_14' title="bbox 205 937 451 980; baseline 0.02 -5"><span class='ocrx_word' id='word_1_61' title='bbox 205 937 303 977; x_wconf 86' lang='lat' dir='ltr'>Ant.</span> <span class='ocrx_word' id='word_1_62' title='bbox 327 937 451 980; x_wconf 86' lang='lat' dir='ltr'><strong>Sana.</strong></span> 
     </span>
    </p>

    <p class='ocr_par' dir='ltr' id='par_1_8' title="bbox 147 997 974 1214">
     <span class='ocr_line' id='line_1_15' title="bbox 416 997 712 1038; baseline 0 -1"><span class='ocrx_word' id='word_1_63' title='bbox 416 997 613 1038; x_wconf 84' lang='lat' dir='ltr'><strong>Psalmus</strong></span> <span class='ocrx_word' id='word_1_64' title='bbox 642 999 712 1037; x_wconf 79' lang='lat'><strong>40.</strong></span> 
     </span>
     <span class='ocr_line' id='line_1_16' title="bbox 152 1047 973 1154; baseline 0.004 -58"><span class='ocrx_word' id='word_1_65' title='bbox 152 1047 358 1154; x_wconf 87' lang='lat' dir='ltr'><strong>Beatus</strong></span> <span class='ocrx_word' id='word_1_66' title='bbox 388 1056 462 1108; x_wconf 93' lang='lat' dir='ltr'><strong>qui</strong></span> <span class='ocrx_word' id='word_1_67' title='bbox 488 1056 689 1108; x_wconf 89' lang='lat' dir='ltr'><strong>intelligit</strong></span> <span class='ocrx_word' id='word_1_68' title='bbox 720 1070 851 1135; x_wconf 63' lang='lat' dir='ltr'><strong>super</strong></span> <span class='ocrx_word' id='word_1_69' title='bbox 879 1059 973 1109; x_wconf 91' lang='lat' dir='ltr'><strong>ege-</strong></span> 
     </span>
     <span class='ocr_line' id='line_1_17' title="bbox 251 1109 974 1162; baseline 0.006 -14"><span class='ocrx_word' id='word_1_70' title='bbox 251 1121 369 1158; x_wconf 89' lang='lat' dir='ltr'><strong>num,</strong></span> <span class='ocrx_word' id='word_1_71' title='bbox 406 1113 451 1150; x_wconf 90' lang='lat' dir='ltr'><strong>et</strong></span> <span class='ocrx_word' id='word_1_72' title='bbox 480 1112 736 1162; x_wconf 81' lang='lat' dir='ltr'><strong>pauperem:</strong></span> <span class='ocrx_word' id='word_1_73' title='bbox 823 1110 867 1151; x_wconf 91' lang='lat' dir='ltr'><strong>in</strong></span> <span class='ocrx_word' id='word_1_74' title='bbox 904 1109 974 1152; x_wconf 90' lang='lat' dir='ltr'><strong>die</strong></span> 
     </span>
     <span class='ocr_line' id='line_1_18' title="bbox 147 1163 871 1214; baseline 0.004 -9"><span class='ocrx_word' id='word_1_75' title='bbox 147 1163 263 1214; x_wconf 84' lang='lat' dir='ltr'><strong>mala</strong></span> <span class='ocrx_word' id='word_1_76' title='bbox 289 1164 493 1207; x_wconf 78' lang='lat' dir='ltr'><strong>liberabit</strong></span> <span class='ocrx_word' id='word_1_77' title='bbox 521 1178 620 1207; x_wconf 90' lang='lat' dir='ltr'><strong>eum</strong></span> <span class='ocrx_word' id='word_1_78' title='bbox 647 1166 871 1208; x_wconf 75' lang='lat' dir='ltr'><strong>Deminus.</strong></span> 
     </span>
    </p>

    <p class='ocr_par' dir='ltr' id='par_1_9' title="bbox 146 1221 974 1446">
     <span class='ocr_line' id='line_1_19' title="bbox 198 1221 973 1274; baseline 0.004 -12"><span class='ocrx_word' id='word_1_79' title='bbox 198 1221 413 1263; x_wconf 83' lang='lat' dir='ltr'><strong>Dominus</strong></span> <span class='ocrx_word' id='word_1_80' title='bbox 442 1224 672 1265; x_wconf 88' lang='lat' dir='ltr'><strong>conservet</strong></span> <span class='ocrx_word' id='word_1_81' title='bbox 699 1236 813 1274; x_wconf 88' lang='lat' dir='ltr'><strong>eum,</strong></span> <span class='ocrx_word' id='word_1_82' title='bbox 845 1228 889 1265; x_wconf 93' lang='lat' dir='ltr'><strong>et</strong></span> <span class='ocrx_word' id='word_1_83' title='bbox 915 1223 973 1264; x_wconf 91' lang='lat' dir='ltr'><strong>vi-</strong></span> 
     </span>
     <span class='ocr_line' id='line_1_20' title="bbox 147 1277 974 1329; baseline 0.002 -10"><span class='ocrx_word' id='word_1_84' title='bbox 147 1277 294 1320; x_wconf 87' lang='lat' dir='ltr'><strong>vificet</strong></span> <span class='ocrx_word' id='word_1_85' title='bbox 317 1291 426 1329; x_wconf 86' lang='lat' dir='ltr'><strong>eum,</strong></span> <span class='ocrx_word' id='word_1_86' title='bbox 452 1284 496 1321; x_wconf 91' lang='lat' dir='ltr'><strong>et</strong></span> <span class='ocrx_word' id='word_1_87' title='bbox 520 1278 698 1322; x_wconf 85' lang='lat' dir='ltr'><strong>beatum</strong></span> <span class='ocrx_word' id='word_1_88' title='bbox 724 1280 855 1322; x_wconf 89' lang='lat' dir='ltr'><strong>faciat</strong></span> <span class='ocrx_word' id='word_1_89' title='bbox 875 1293 974 1321; x_wconf 91' lang='lat' dir='ltr'><strong>eum</strong></span> 
     </span>
     <span class='ocr_line' id='line_1_21' title="bbox 146 1333 973 1379; baseline 0.002 -4"><span class='ocrx_word' id='word_1_90' title='bbox 146 1333 190 1375; x_wconf 90' lang='lat' dir='ltr'><strong>in</strong></span> <span class='ocrx_word' id='word_1_91' title='bbox 217 1339 350 1377; x_wconf 88' lang='lat' dir='ltr'><strong>terra:</strong></span> <span class='ocrx_word' id='word_1_92' title='bbox 377 1336 401 1361; x_wconf 88' lang='lat'>*</span> <span class='ocrx_word' id='word_1_93' title='bbox 430 1340 473 1377; x_wconf 91' lang='lat' dir='ltr'><strong>et</strong></span> <span class='ocrx_word' id='word_1_94' title='bbox 506 1349 594 1378; x_wconf 90' lang='lat' dir='ltr'><strong>non</strong></span> <span class='ocrx_word' id='word_1_95' title='bbox 626 1336 772 1379; x_wconf 88' lang='lat' dir='ltr'><strong>tradat</strong></span> <span class='ocrx_word' id='word_1_96' title='bbox 805 1349 903 1378; x_wconf 91' lang='lat' dir='ltr'><strong>eum</strong></span> <span class='ocrx_word' id='word_1_97' title='bbox 930 1337 973 1377; x_wconf 92' lang='lat' dir='ltr'><strong>in</strong></span> 
     </span>
     <span class='ocr_line' id='line_1_22' title="bbox 149 1390 767 1446; baseline 0.003 -15"><span class='ocrx_word' id='word_1_98' title='bbox 149 1390 337 1432; x_wconf 91' lang='lat' dir='ltr'><strong>animam</strong></span> <span class='ocrx_word' id='word_1_99' title='bbox 363 1391 638 1434; x_wconf 70' lang='lat' dir='ltr'><strong>inimicarum</strong></span> <span class='ocrx_word' id='word_1_100' title='bbox 666 1394 767 1446; x_wconf 88' lang='lat' dir='ltr'><strong>ejus.</strong></span> 
     </span>
    </p>

    <p class='ocr_par' dir='ltr' id='par_1_10' title="bbox 146 1447 973 1668">
     <span class='ocr_line' id='line_1_23' title="bbox 197 1447 972 1502; baseline 0.004 -14"><span class='ocrx_word' id='word_1_101' title='bbox 197 1447 412 1489; x_wconf 75' lang='lat' dir='ltr'><strong>Deminus</strong></span> <span class='ocrx_word' id='word_1_102' title='bbox 447 1461 578 1501; x_wconf 91' lang='lat' dir='ltr'><strong>opem</strong></span> <span class='ocrx_word' id='word_1_103' title='bbox 610 1449 721 1491; x_wconf 89' lang='lat' dir='ltr'><strong>ferat</strong></span> <span class='ocrx_word' id='word_1_104' title='bbox 753 1449 814 1490; x_wconf 92' lang='lat' dir='ltr'><strong>illi</strong></span> <span class='ocrx_word' id='word_1_105' title='bbox 841 1461 972 1502; x_wconf 90' lang='lat' dir='ltr'><strong>super</strong></span> 
     </span>
     <span class='ocr_line' id='line_1_24' title="bbox 147 1502 973 1558; baseline 0.004 -14"><span class='ocrx_word' id='word_1_106' title='bbox 147 1502 308 1545; x_wconf 90' lang='lat' dir='ltr'><strong>lectum</strong></span> <span class='ocrx_word' id='word_1_107' title='bbox 341 1503 507 1546; x_wconf 83' lang='lat' dir='ltr'><strong>doloris</strong></span> <span class='ocrx_word' id='word_1_108' title='bbox 541 1506 646 1558; x_wconf 89' lang='lat' dir='ltr'><strong>ejus:</strong></span> <span class='ocrx_word' id='word_1_109' title='bbox 673 1506 696 1532; x_wconf 87' lang='lat'>*</span> <span class='ocrx_word' id='word_1_110' title='bbox 723 1506 973 1548; x_wconf 85' lang='lat' dir='ltr'><strong>universum</strong></span> 
     </span>
     <span class='ocr_line' id='line_1_25' title="bbox 146 1561 971 1613; baseline 0.004 -12"><span class='ocrx_word' id='word_1_111' title='bbox 146 1564 330 1602; x_wconf 88' lang='lat' dir='ltr'><strong>stratum</strong></span> <span class='ocrx_word' id='word_1_112' title='bbox 350 1561 440 1613; x_wconf 90' lang='lat' dir='ltr'><strong>ejus</strong></span> <span class='ocrx_word' id='word_1_113' title='bbox 460 1562 646 1604; x_wconf 80' lang='lat' dir='ltr'><strong>versasti</strong></span> <span class='ocrx_word' id='word_1_114' title='bbox 659 1562 703 1603; x_wconf 93' lang='lat' dir='ltr'><strong>in</strong></span> <span class='ocrx_word' id='word_1_115' title='bbox 721 1562 971 1604; x_wconf 86' lang='lat' dir='ltr'><strong>infirmitate</strong></span> 
     </span>
     <span class='ocr_line' id='line_1_26' title="bbox 146 1628 246 1668; baseline -0.01 -11"><span class='ocrx_word' id='word_1_116' title='bbox 146 1628 246 1668; x_wconf 74' lang='lat' dir='ltr'><strong>ejus.</strong></span> 
     </span>
    </p>

    <p class='ocr_par' dir='ltr' id='par_1_11' title="bbox 146 1672 971 1828">
     <span class='ocr_line' id='line_1_27' title="bbox 197 1672 971 1725; baseline 0 -11"><span class='ocrx_word' id='word_1_117' title='bbox 197 1673 293 1725; x_wconf 92' lang='lat' dir='ltr'><strong>Ego</strong></span> <span class='ocrx_word' id='word_1_118' title='bbox 313 1672 417 1715; x_wconf 81' lang='lat' dir='ltr'><strong>dixi:</strong></span> <span class='ocrx_word' id='word_1_119' title='bbox 440 1673 628 1715; x_wconf 83' lang='lat' dir='ltr'><strong>Domine</strong></span> <span class='ocrx_word' id='word_1_120' title='bbox 645 1674 852 1716; x_wconf 89' lang='lat' dir='ltr'><strong>miserere</strong></span> <span class='ocrx_word' id='word_1_121' title='bbox 872 1674 971 1716; x_wconf 92' lang='lat' dir='ltr'><strong>mei:</strong></span> 
     </span>
     <span class='ocr_line' id='line_1_28' title="bbox 146 1729 970 1784; baseline 0.002 -14"><span class='ocrx_word' id='word_1_122' title='bbox 146 1729 169 1754; x_wconf 84' lang='lat'>*</span> <span class='ocrx_word' id='word_1_123' title='bbox 196 1742 303 1771; x_wconf 88' lang='lat' dir='ltr'><strong>sana</strong></span> <span class='ocrx_word' id='word_1_124' title='bbox 336 1730 524 1772; x_wconf 87' lang='lat' dir='ltr'><strong>animam</strong></span> <span class='ocrx_word' id='word_1_125' title='bbox 549 1743 709 1781; x_wconf 90' lang='lat' dir='ltr'><strong>meam,</strong></span> <span class='ocrx_word' id='word_1_126' title='bbox 745 1731 845 1783; x_wconf 88' lang='lat' dir='ltr'><strong>quia</strong></span> <span class='ocrx_word' id='word_1_127' title='bbox 871 1744 970 1784; x_wconf 91' lang='lat' dir='ltr'><strong>pec-</strong></span> 
     </span>
     <span class='ocr_line' id='line_1_29' title="bbox 146 1785 358 1828; baseline 0.005 -2"><span class='ocrx_word' id='word_1_128' title='bbox 146 1786 243 1827; x_wconf 89' lang='lat' dir='ltr'><strong>cavi</strong></span> <span class='ocrx_word' id='word_1_129' title='bbox 268 1785 358 1828; x_wconf 89' lang='lat' dir='ltr'><strong>tibi.</strong></span> 
     </span>
    </p>

    <p class='ocr_par' dir='ltr' id='par_1_12' title="bbox 145 1842 970 2008">
     <span class='ocr_line' id='line_1_30' title="bbox 197 1842 970 1886; baseline 0 -3"><span class='ocrx_word' id='word_1_130' title='bbox 197 1842 366 1885; x_wconf 81' lang='lat' dir='ltr'><strong>Inimici</strong></span> <span class='ocrx_word' id='word_1_131' title='bbox 384 1843 471 1885; x_wconf 91' lang='lat' dir='ltr'><strong>mei</strong></span> <span class='ocrx_word' id='word_1_132' title='bbox 495 1843 697 1886; x_wconf 81' lang='lat' dir='ltr'><strong>dixerunt</strong></span> <span class='ocrx_word' id='word_1_133' title='bbox 720 1843 834 1885; x_wconf 80' lang='lat' dir='ltr'><strong>mala</strong></span> <span class='ocrx_word' id='word_1_134' title='bbox 852 1843 970 1885; x_wconf 90' lang='lat' dir='ltr'><strong>mihi:</strong></span> 
     </span>
     <span class='ocr_line' id='line_1_31' title="bbox 145 1898 969 1953; baseline 0.001 -13"><span class='ocrx_word' id='word_1_135' title='bbox 145 1898 169 1924; x_wconf 86' lang='grc'>*</span> <span class='ocrx_word' id='word_1_136' title='bbox 185 1898 370 1949; x_wconf 87' lang='lat' dir='ltr'><strong>Quando</strong></span> <span class='ocrx_word' id='word_1_137' title='bbox 395 1900 615 1951; x_wconf 84' lang='lat' dir='ltr'><strong>morietur,</strong></span> <span class='ocrx_word' id='word_1_138' title='bbox 643 1905 687 1942; x_wconf 93' lang='lat' dir='ltr'><strong>et</strong></span> <span class='ocrx_word' id='word_1_139' title='bbox 710 1899 871 1953; x_wconf 85' lang='lat' dir='ltr'><strong>peribit</strong></span> <span class='ocrx_word' id='word_1_140' title='bbox 895 1912 969 1941; x_wconf 92' lang='lat' dir='ltr'><strong>no-</strong></span> 
     </span>
     <span class='ocr_line' id='line_1_32' title="bbox 145 1954 386 2008; baseline 0 -12"><span class='ocrx_word' id='word_1_141' title='bbox 145 1967 246 1997; x_wconf 91' lang='lat' dir='ltr'><strong>men</strong></span> <span class='ocrx_word' id='word_1_142' title='bbox 272 1954 386 2008; x_wconf 85' lang='lat' dir='ltr'><strong>ejus?</strong></span> 
     </span>
    </p>

    <p class='ocr_par' dir='ltr' id='par_1_13' title="bbox 145 2011 968 2177">
     <span class='ocr_line' id='line_1_33' title="bbox 197 2011 968 2063; baseline 0.003 -11"><span class='ocrx_word' id='word_1_143' title='bbox 197 2011 254 2053; x_wconf 89' lang='lat' dir='ltr'><strong>Et</strong></span> <span class='ocrx_word' id='word_1_144' title='bbox 280 2012 318 2053; x_wconf 91' lang='lat' dir='ltr'><strong>si</strong></span> <span class='ocrx_word' id='word_1_145' title='bbox 350 2012 676 2063; x_wconf 75' lang='lat' dir='ltr'><strong>ingrediebatur</strong></span> <span class='ocrx_word' id='word_1_146' title='bbox 709 2017 757 2054; x_wconf 92' lang='lat' dir='ltr'><strong>ut</strong></span> <span class='ocrx_word' id='word_1_147' title='bbox 790 2011 968 2062; x_wconf 87' lang='lat' dir='ltr'><strong>videret,</strong></span> 
     </span>
     <span class='ocr_line' id='line_1_34' title="bbox 146 2067 968 2121; baseline 0.001 -12"><span class='ocrx_word' id='word_1_148' title='bbox 146 2080 257 2109; x_wconf 90' lang='lat' dir='ltr'><strong>vana</strong></span> <span class='ocrx_word' id='word_1_149' title='bbox 283 2067 561 2121; x_wconf 75' lang='lat' dir='ltr'><strong>loquebatur,</strong></span> <span class='ocrx_word' id='word_1_150' title='bbox 596 2069 619 2095; x_wconf 91' lang='lat'>*</span> <span class='ocrx_word' id='word_1_151' title='bbox 647 2081 724 2110; x_wconf 92' lang='lat' dir='ltr'><strong>cor</strong></span> <span class='ocrx_word' id='word_1_152' title='bbox 752 2069 842 2120; x_wconf 87' lang='lat' dir='ltr'><strong>ejus</strong></span> <span class='ocrx_word' id='word_1_153' title='bbox 869 2081 968 2110; x_wconf 92' lang='lat' dir='ltr'><strong>con-</strong></span> 
     </span>
     <span class='ocr_line' id='line_1_35' title="bbox 145 2123 764 2177; baseline 0 -12"><span class='ocrx_word' id='word_1_154' title='bbox 145 2124 343 2175; x_wconf 80' lang='lat' dir='ltr'><strong>gregavit</strong></span> <span class='ocrx_word' id='word_1_155' title='bbox 369 2125 642 2177; x_wconf 89' lang='lat' dir='ltr'><strong>iniquitatem</strong></span> <span class='ocrx_word' id='word_1_156' title='bbox 671 2123 764 2166; x_wconf 91' lang='lat' dir='ltr'><strong>sibi.</strong></span> 
     </span>
    </p>

    <p class='ocr_par' dir='ltr' id='par_1_14' title="bbox 147 2180 967 2290">
     <span class='ocr_line' id='line_1_36' title="bbox 198 2180 967 2233; baseline 0.001 -12"><span class='ocrx_word' id='word_1_157' title='bbox 198 2180 516 2231; x_wconf 86' lang='lat' dir='ltr'><strong>Egrediebatur</strong></span> <span class='ocrx_word' id='word_1_158' title='bbox 541 2182 672 2231; x_wconf 88' lang='lat' dir='ltr'><strong>foras,</strong></span> <span class='ocrx_word' id='word_1_159' title='bbox 701 2180 724 2207; x_wconf 89' lang='lat'>*</span> <span class='ocrx_word' id='word_1_160' title='bbox 753 2185 796 2222; x_wconf 90' lang='lat' dir='ltr'><strong>et</strong></span> <span class='ocrx_word' id='word_1_161' title='bbox 820 2180 967 2233; x_wconf 92' lang='lat' dir='ltr'><strong>loque-</strong></span> 
     </span>
     <span class='ocr_line' id='line_1_37' title="bbox 147 2235 556 2290; baseline 0.002 -12"><span class='ocrx_word' id='word_1_162' title='bbox 147 2235 275 2279; x_wconf 89' lang='lat' dir='ltr'><strong>batur</strong></span> <span class='ocrx_word' id='word_1_163' title='bbox 294 2237 338 2278; x_wconf 93' lang='lat' dir='ltr'><strong>in</strong></span> <span class='ocrx_word' id='word_1_164' title='bbox 356 2236 556 2290; x_wconf 91' lang='lat' dir='ltr'><strong>idipsum.</strong></span> 
     </span>
    </p>

    <p class='ocr_par' dir='ltr' id='par_1_15' title="bbox 145 2292 968 2448">
     <span class='ocr_line' id='line_1_38' title="bbox 195 2292 968 2336; baseline 0 -2"><span class='ocrx_word' id='word_1_165' title='bbox 195 2292 968 2336; x_wconf 88' lang='lat' dir='ltr'><strong>Adversummesusurrabantomnes</strong></span> 
     </span>
     <span class='ocr_line' id='line_1_39' title="bbox 145 2349 967 2401; baseline 0.001 -12"><span class='ocrx_word' id='word_1_166' title='bbox 145 2349 306 2391; x_wconf 88' lang='lat' dir='ltr'><strong>inimici</strong></span> <span class='ocrx_word' id='word_1_167' title='bbox 333 2350 432 2392; x_wconf 91' lang='lat' dir='ltr'><strong>mei:</strong></span> <span class='ocrx_word' id='word_1_168' title='bbox 450 2350 475 2377; x_wconf 78' lang='lat'><strong>²⁸¹</strong></span> <span class='ocrx_word' id='word_1_169' title='bbox 498 2350 731 2392; x_wconf 91' lang='lat' dir='ltr'><strong>adversum</strong></span> <span class='ocrx_word' id='word_1_170' title='bbox 758 2362 826 2391; x_wconf 92' lang='lat' dir='ltr'><strong>me</strong></span> <span class='ocrx_word' id='word_1_171' title='bbox 855 2350 967 2401; x_wconf 91' lang='lat' dir='ltr'><strong>cogi-</strong></span> 
     </span>
     <span class='ocr_line' id='line_1_40' title="bbox 145 2405 579 2448; baseline 0.002 -1"><span class='ocrx_word' id='word_1_172' title='bbox 145 2405 298 2448; x_wconf 88' lang='lat' dir='ltr'><strong>tabant</strong></span> <span class='ocrx_word' id='word_1_173' title='bbox 324 2406 439 2448; x_wconf 84' lang='lat' dir='ltr'><strong>mala</strong></span> <span class='ocrx_word' id='word_1_174' title='bbox 464 2406 579 2448; x_wconf 89' lang='lat' dir='ltr'><strong>mihi.</strong></span> 
     </span>
    </p>

    <p class='ocr_par' dir='ltr' id='par_1_16' title="bbox 145 2462 969 2628">
     <span class='ocr_line' id='line_1_41' title="bbox 197 2462 969 2515; baseline 0 -11"><span class='ocrx_word' id='word_1_175' title='bbox 197 2462 395 2505; x_wconf 89' lang='lat' dir='ltr'><strong>Verbum</strong></span> <span class='ocrx_word' id='word_1_176' title='bbox 426 2463 621 2515; x_wconf 92' lang='lat' dir='ltr'><strong>iniquum</strong></span> <span class='ocrx_word' id='word_1_177' title='bbox 654 2463 969 2505; x_wconf 88' lang='lat' dir='ltr'><strong>constituerunt</strong></span> 
     </span>
     <span class='ocr_line' id='line_1_42' title="bbox 146 2517 967 2572; baseline -0.001 -12"><span class='ocrx_word' id='word_1_178' title='bbox 146 2517 377 2560; x_wconf 87' lang='lat' dir='ltr'><strong>adversum</strong></span> <span class='ocrx_word' id='word_1_179' title='bbox 395 2532 481 2560; x_wconf 91' lang='lat' dir='ltr'><strong>me:</strong></span> <span class='ocrx_word' id='word_1_180' title='bbox 497 2520 520 2545; x_wconf 82' lang='grc'>*</span> <span class='ocrx_word' id='word_1_181' title='bbox 536 2519 760 2572; x_wconf 92' lang='lat' dir='ltr'><strong>Numquid</strong></span> <span class='ocrx_word' id='word_1_182' title='bbox 779 2519 851 2571; x_wconf 92' lang='lat' dir='ltr'><strong>qui</strong></span> <span class='ocrx_word' id='word_1_183' title='bbox 871 2518 967 2560; x_wconf 94' lang='lat' dir='ltr'><strong>dor-</strong></span> 
     </span>
     <span class='ocr_line' id='line_1_43' title="bbox 145 2572 858 2628; baseline -0.001 -12"><span class='ocrx_word' id='word_1_184' title='bbox 145 2574 224 2617; x_wconf 92' lang='lat' dir='ltr'><strong>mit</strong></span> <span class='ocrx_word' id='word_1_185' title='bbox 249 2588 338 2617; x_wconf 92' lang='lat' dir='ltr'><strong>non</strong></span> <span class='ocrx_word' id='word_1_186' title='bbox 365 2575 538 2628; x_wconf 88' lang='lat' dir='ltr'><strong>adjiciet</strong></span> <span class='ocrx_word' id='word_1_187' title='bbox 564 2580 611 2617; x_wconf 90' lang='lat' dir='ltr'><strong>ut</strong></span> <span class='ocrx_word' id='word_1_188' title='bbox 638 2572 858 2626; x_wconf 79' lang='lat' dir='ltr'><strong>resurgat?</strong></span> 
     </span>
    </p>

    <p class='ocr_par' dir='ltr' id='par_1_17' title="bbox 146 2630 967 2741">
     <span class='ocr_line' id='line_1_44' title="bbox 196 2630 967 2684; baseline 0 -12"><span class='ocrx_word' id='word_1_189' title='bbox 196 2631 369 2674; x_wconf 87' lang='lat' dir='ltr'><strong>Etenim</strong></span> <span class='ocrx_word' id='word_1_190' title='bbox 387 2631 520 2674; x_wconf 86' lang='lat' dir='ltr'><strong>homo</strong></span> <span class='ocrx_word' id='word_1_191' title='bbox 539 2632 660 2684; x_wconf 88' lang='lat' dir='ltr'><strong>pacis</strong></span> <span class='ocrx_word' id='word_1_192' title='bbox 678 2644 798 2680; x_wconf 87' lang='lat' dir='ltr'><strong>meae,</strong></span> <span class='ocrx_word' id='word_1_193' title='bbox 817 2630 861 2671; x_wconf 90' lang='lat' dir='ltr'><strong>in</strong></span> <span class='ocrx_word' id='word_1_194' title='bbox 881 2643 967 2682; x_wconf 94' lang='lat' dir='ltr'><strong>quo</strong></span> 
     </span>
     <span class='ocr_line' id='line_1_45' title="bbox 146 2687 967 2741; baseline -0.001 -13"><span class='ocrx_word' id='word_1_195' title='bbox 146 2688 336 2740; x_wconf 87' lang='lat' dir='ltr'><strong>speravi:</strong></span> <span class='ocrx_word' id='word_1_196' title='bbox 353 2689 377 2715; x_wconf 87' lang='lat'><strong>*</strong></span> <span class='ocrx_word' id='word_1_197' title='bbox 399 2688 473 2741; x_wconf 89' lang='lat' dir='ltr'><strong>qui</strong></span> <span class='ocrx_word' id='word_1_198' title='bbox 497 2687 656 2730; x_wconf 80' lang='lat' dir='ltr'><strong>edebat</strong></span> <span class='ocrx_word' id='word_1_199' title='bbox 677 2699 812 2740; x_wconf 89' lang='lat' dir='ltr'><strong>panes</strong></span> <span class='ocrx_word' id='word_1_200' title='bbox 834 2699 967 2736; x_wconf 89' lang='lat' dir='ltr'><strong>meos,</strong></span> 
     </span>
    </p>
   </div>
   <div class='ocr_carea' id='block_1_3' title="bbox 298 2828 471 2855">
    <p class='ocr_par' dir='ltr' id='par_1_18' title="bbox 298 2828 471 2855">
     <span class='ocr_line' id='line_1_46' title="bbox 298 2828 471 2855; baseline 0 -2"><span class='ocrx_word' id='word_1_201' title='bbox 298 2828 362 2853; x_wconf 80' lang='lat' dir='ltr'><strong>Pars</strong></span> <span class='ocrx_word' id='word_1_202' title='bbox 378 2830 471 2855; x_wconf 85' lang='lat' dir='ltr'><strong>Verna.</strong></span> 
     </span>
    </p>
   </div>
   <div class='ocr_carea' id='block_1_4' title="bbox 1029 265 1848 433">
    <p class='ocr_par' dir='ltr' id='par_1_19' title="bbox 1029 265 1848 433">
     <span class='ocr_line' id='line_1_47' title="bbox 1029 265 1848 322; baseline 0.01 -18"><span class='ocrx_word' id='word_1_203' title='bbox 1029 265 1321 315; x_wconf 88' lang='lat' dir='ltr'><strong>magnificavit</strong></span> <span class='ocrx_word' id='word_1_204' title='bbox 1350 279 1479 319; x_wconf 90' lang='lat' dir='ltr'><strong>super</strong></span> <span class='ocrx_word' id='word_1_205' title='bbox 1506 282 1575 310; x_wconf 92' lang='lat' dir='ltr'><strong>me</strong></span> <span class='ocrx_word' id='word_1_206' title='bbox 1603 269 1848 322; x_wconf 88' lang='lat' dir='ltr'><strong>supplanta-</strong></span> 
     </span>
     <span class='ocr_line' id='line_1_48' title="bbox 1029 321 1203 363; baseline 0 -1"><span class='ocrx_word' id='word_1_207' title='bbox 1029 321 1203 363; x_wconf 82' lang='lat' dir='ltr'><strong>tionem.</strong></span> 
     </span>
     <span class='ocr_line' id='line_1_49' title="bbox 1081 377 1848 433; baseline 0.009 -15"><span class='ocrx_word' id='word_1_208' title='bbox 1081 377 1150 419; x_wconf 94' lang='lat' dir='ltr'><strong>Tu</strong></span> <span class='ocrx_word' id='word_1_209' title='bbox 1169 383 1313 421; x_wconf 89' lang='lat' dir='ltr'><strong>autem</strong></span> <span class='ocrx_word' id='word_1_210' title='bbox 1331 380 1516 423; x_wconf 75' lang='lat' dir='ltr'><strong>Demine</strong></span> <span class='ocrx_word' id='word_1_211' title='bbox 1535 382 1740 424; x_wconf 89' lang='lat' dir='ltr'><strong>miserere</strong></span> <span class='ocrx_word' id='word_1_212' title='bbox 1753 384 1848 433; x_wconf 82' lang='lat' dir='ltr'><strong>mei,</strong></span> 
     </span>
    </p>
   </div>
   <div class='ocr_carea' id='block_1_5' title="bbox 1031 436 1916 481">
    <p class='ocr_par' dir='ltr' id='par_1_20' title="bbox 1031 436 1916 481">
     <span class='ocr_line' id='line_1_50' title="bbox 1031 436 1916 481; baseline 0.008 -7"><span class='ocrx_word' id='word_1_213' title='bbox 1031 438 1074 475; x_wconf 92' lang='lat' dir='ltr'><strong>et</strong></span> <span class='ocrx_word' id='word_1_214' title='bbox 1092 436 1303 477; x_wconf 81' lang='lat' dir='ltr'><strong>resuscita</strong></span> <span class='ocrx_word' id='word_1_215' title='bbox 1319 449 1404 478; x_wconf 86' lang='lat' dir='ltr'><strong>me:</strong></span> <span class='ocrx_word' id='word_1_216' title='bbox 1421 437 1444 463; x_wconf 86' lang='lat'>*</span> <span class='ocrx_word' id='word_1_217' title='bbox 1458 443 1501 479; x_wconf 93' lang='lat' dir='ltr'><strong>et</strong></span> <span class='ocrx_word' id='word_1_218' title='bbox 1520 438 1754 480; x_wconf 84' lang='lat' dir='ltr'><strong>retribuam</strong></span> <span class='ocrx_word' id='word_1_219' title='bbox 1776 440 1847 481; x_wconf 90' lang='lat' dir='ltr'><strong>eis.</strong></span> <span class='ocrx_word' id='word_1_220' title='bbox 1910 460 1916 469; x_wconf 89' lang='lat'><strong>·</strong></span> 
     </span>
    </p>
   </div>
   <div class='ocr_carea' id='block_1_6' title="bbox 1026 490 1848 1043">
    <p class='ocr_par' dir='ltr' id='par_1_21' title="bbox 1028 490 1848 658">
     <span class='ocr_line' id='line_1_51' title="bbox 1081 490 1848 546; baseline 0.007 -15"><span class='ocrx_word' id='word_1_221' title='bbox 1081 490 1132 531; x_wconf 93' lang='lat' dir='ltr'><strong>In</strong></span> <span class='ocrx_word' id='word_1_222' title='bbox 1150 490 1235 533; x_wconf 92' lang='lat' dir='ltr'><strong>hoc</strong></span> <span class='ocrx_word' id='word_1_223' title='bbox 1255 493 1441 543; x_wconf 84' lang='lat' dir='ltr'><strong>cognovi</strong></span> <span class='ocrx_word' id='word_1_224' title='bbox 1458 494 1660 546; x_wconf 85' lang='lat' dir='ltr'><strong>quoniam</strong></span> <span class='ocrx_word' id='word_1_225' title='bbox 1674 495 1848 538; x_wconf 90' lang='lat' dir='ltr'><strong>voluisti</strong></span> 
     </span>
     <span class='ocr_line' id='line_1_52' title="bbox 1028 547 1846 601; baseline 0.007 -14"><span class='ocrx_word' id='word_1_226' title='bbox 1028 559 1113 588; x_wconf 91' lang='lat' dir='ltr'><strong>me:</strong></span> <span class='ocrx_word' id='word_1_227' title='bbox 1140 547 1163 573; x_wconf 87' lang='lat'>*</span> <span class='ocrx_word' id='word_1_228' title='bbox 1199 549 1402 600; x_wconf 83' lang='lat' dir='ltr'><strong>quoniam</strong></span> <span class='ocrx_word' id='word_1_229' title='bbox 1428 563 1515 591; x_wconf 93' lang='lat' dir='ltr'><strong>non</strong></span> <span class='ocrx_word' id='word_1_230' title='bbox 1542 550 1747 601; x_wconf 89' lang='lat' dir='ltr'><strong>gaudebit</strong></span> <span class='ocrx_word' id='word_1_231' title='bbox 1773 552 1846 593; x_wconf 89' lang='lat' dir='ltr'><strong>ini-</strong></span> 
     </span>
     <span class='ocr_line' id='line_1_53' title="bbox 1028 605 1578 658; baseline 0.005 -14"><span class='ocrx_word' id='word_1_232' title='bbox 1028 605 1165 645; x_wconf 91' lang='lat' dir='ltr'><strong>micus</strong></span> <span class='ocrx_word' id='word_1_233' title='bbox 1193 617 1314 646; x_wconf 91' lang='lat' dir='ltr'><strong>meus</strong></span> <span class='ocrx_word' id='word_1_234' title='bbox 1342 618 1472 658; x_wconf 91' lang='lat' dir='ltr'><strong>super</strong></span> <span class='ocrx_word' id='word_1_235' title='bbox 1498 620 1578 648; x_wconf 92' lang='lat' dir='ltr'><strong>me.</strong></span> 
     </span>
    </p>

    <p class='ocr_par' dir='ltr' id='par_1_22' title="bbox 1028 660 1845 826">
     <span class='ocr_line' id='line_1_54' title="bbox 1079 660 1845 715; baseline 0.007 -14"><span class='ocrx_word' id='word_1_236' title='bbox 1079 660 1150 702; x_wconf 91' lang='lat' dir='ltr'><strong>Me</strong></span> <span class='ocrx_word' id='word_1_237' title='bbox 1179 666 1323 703; x_wconf 88' lang='lat' dir='ltr'><strong>autem</strong></span> <span class='ocrx_word' id='word_1_238' title='bbox 1350 667 1531 715; x_wconf 89' lang='lat' dir='ltr'><strong>propter</strong></span> <span class='ocrx_word' id='word_1_239' title='bbox 1558 664 1845 706; x_wconf 82' lang='lat' dir='ltr'><strong>innocentiam</strong></span> 
     </span>
     <span class='ocr_line' id='line_1_55' title="bbox 1028 718 1845 769; baseline 0.006 -13"><span class='ocrx_word' id='word_1_240' title='bbox 1028 718 1271 769; x_wconf 89' lang='lat' dir='ltr'><strong>suscepisti:</strong></span> <span class='ocrx_word' id='word_1_241' title='bbox 1299 719 1322 743; x_wconf 90' lang='lat'>*</span> <span class='ocrx_word' id='word_1_242' title='bbox 1346 723 1388 760; x_wconf 90' lang='lat' dir='ltr'><strong>et</strong></span> <span class='ocrx_word' id='word_1_243' title='bbox 1417 719 1682 763; x_wconf 89' lang='lat' dir='ltr'><strong>confirmasti</strong></span> <span class='ocrx_word' id='word_1_244' title='bbox 1708 734 1777 762; x_wconf 89' lang='lat' dir='ltr'><strong>me</strong></span> <span class='ocrx_word' id='word_1_245' title='bbox 1803 721 1845 761; x_wconf 92' lang='lat' dir='ltr'><strong>in</strong></span> 
     </span>
     <span class='ocr_line' id='line_1_56' title="bbox 1029 775 1687 826; baseline 0.008 -13"><span class='ocrx_word' id='word_1_246' title='bbox 1029 775 1266 826; x_wconf 88' lang='lat' dir='ltr'><strong>conspectu</strong></span> <span class='ocrx_word' id='word_1_247' title='bbox 1293 779 1369 816; x_wconf 90' lang='lat' dir='ltr'><strong>tuo</strong></span> <span class='ocrx_word' id='word_1_248' title='bbox 1397 775 1440 815; x_wconf 91' lang='lat' dir='ltr'><strong>in</strong></span> <span class='ocrx_word' id='word_1_249' title='bbox 1468 778 1687 818; x_wconf 83' lang='lat' dir='ltr'><strong>aeternum.</strong></span> 
     </span>
    </p>

    <p class='ocr_par' dir='ltr' id='par_1_23' title="bbox 1026 829 1845 992">
     <span class='ocr_line' id='line_1_57' title="bbox 1079 829 1845 875; baseline 0.005 -5"><span class='ocrx_word' id='word_1_250' title='bbox 1079 829 1342 872; x_wconf 89' lang='lat' dir='ltr'><strong>Benedictus</strong></span> <span class='ocrx_word' id='word_1_251' title='bbox 1353 831 1564 873; x_wconf 74' lang='lat' dir='ltr'><strong>Deminus</strong></span> <span class='ocrx_word' id='word_1_252' title='bbox 1579 833 1699 875; x_wconf 86' lang='lat' dir='ltr'><strong>Deus</strong></span> <span class='ocrx_word' id='word_1_253' title='bbox 1712 834 1845 874; x_wconf 77' lang='lat' dir='ltr'><strong>Israel</strong></span> 
     </span>
     <span class='ocr_line' id='line_1_58' title="bbox 1027 886 1844 940; baseline 0.002 -13"><span class='ocrx_word' id='word_1_254' title='bbox 1027 898 1053 926; x_wconf 87' lang='lat' dir='ltr'><strong>a</strong></span> <span class='ocrx_word' id='word_1_255' title='bbox 1079 886 1241 928; x_wconf 83' lang='lat' dir='ltr'><strong>saeculo</strong></span> <span class='ocrx_word' id='word_1_256' title='bbox 1270 892 1312 929; x_wconf 93' lang='lat' dir='ltr'><strong>et</strong></span> <span class='ocrx_word' id='word_1_257' title='bbox 1339 900 1477 940; x_wconf 90' lang='lat' dir='ltr'><strong>usque</strong></span> <span class='ocrx_word' id='word_1_258' title='bbox 1504 888 1547 929; x_wconf 89' lang='lat' dir='ltr'><strong>in</strong></span> <span class='ocrx_word' id='word_1_259' title='bbox 1575 889 1795 931; x_wconf 82' lang='lat' dir='ltr'><strong>saeculum:</strong></span> <span class='ocrx_word' id='word_1_260' title='bbox 1822 890 1844 915; x_wconf 87' lang='lat'>*</span> 
     </span>
     <span class='ocr_line' id='line_1_59' title="bbox 1026 942 1225 992; baseline 0.01 -9"><span class='ocrx_word' id='word_1_261' title='bbox 1026 942 1113 992; x_wconf 85' lang='lat' dir='ltr'><strong>fiat,</strong></span> <span class='ocrx_word' id='word_1_262' title='bbox 1139 943 1225 985; x_wconf 91' lang='lat' dir='ltr'><strong>fiat.</strong></span> 
     </span>
    </p>

    <p class='ocr_par' dir='ltr' id='par_1_24' title="bbox 1302 1003 1580 1043">
     <span class='ocr_line' id='line_1_60' title="bbox 1302 1003 1580 1043; baseline 0.004 -2"><span class='ocrx_word' id='word_1_263' title='bbox 1302 1003 1493 1043; x_wconf 75' lang='lat' dir='ltr'><strong>l’salmus</strong></span> <span class='ocrx_word' id='word_1_264' title='bbox 1522 1005 1580 1043; x_wconf 70' lang='lat'><strong>41.</strong></span> 
     </span>
    </p>
   </div>
   <div class='ocr_carea' id='block_1_7' title="bbox 1020 1052 1844 2727">
    <p class='ocr_par' dir='ltr' id='par_1_25' title="bbox 1027 1052 1843 1226">
     <span class='ocr_line' id='line_1_61' title="bbox 1033 1052 1843 1176; baseline 0.002 -67"><span class='ocrx_word' id='word_1_265' title='bbox 1033 1052 1449 1176; x_wconf 73' lang='lat' dir='ltr'><strong>Quemadmodum</strong></span> <span class='ocrx_word' id='word_1_266' title='bbox 1460 1069 1677 1112; x_wconf 87' lang='lat' dir='ltr'><strong>desiderat</strong></span> <span class='ocrx_word' id='word_1_267' title='bbox 1691 1082 1843 1112; x_wconf 90' lang='lat' dir='ltr'><strong>cervus</strong></span> 
     </span>
     <span class='ocr_line' id='line_1_62' title="bbox 1130 1125 1843 1179; baseline 0.001 -13"><span class='ocrx_word' id='word_1_268' title='bbox 1130 1125 1187 1167; x_wconf 92' lang='lat' dir='ltr'><strong>ad</strong></span> <span class='ocrx_word' id='word_1_269' title='bbox 1208 1125 1349 1167; x_wconf 90' lang='lat' dir='ltr'><strong>fontes</strong></span> <span class='ocrx_word' id='word_1_270' title='bbox 1368 1128 1592 1179; x_wconf 90' lang='lat' dir='ltr'><strong>aquarum:</strong></span> <span class='ocrx_word' id='word_1_271' title='bbox 1608 1127 1631 1152; x_wconf 86' lang='lat'>*</span> <span class='ocrx_word' id='word_1_272' title='bbox 1655 1127 1714 1169; x_wconf 89' lang='lat' dir='ltr'><strong>ita</strong></span> <span class='ocrx_word' id='word_1_273' title='bbox 1736 1126 1843 1168; x_wconf 86' lang='lat' dir='ltr'><strong>desi-</strong></span> 
     </span>
     <span class='ocr_line' id='line_1_63' title="bbox 1027 1181 1753 1226; baseline 0.001 -3"><span class='ocrx_word' id='word_1_274' title='bbox 1027 1181 1151 1224; x_wconf 88' lang='lat' dir='ltr'><strong>derat</strong></span> <span class='ocrx_word' id='word_1_275' title='bbox 1180 1183 1320 1224; x_wconf 90' lang='lat' dir='ltr'><strong>anima</strong></span> <span class='ocrx_word' id='word_1_276' title='bbox 1347 1195 1444 1224; x_wconf 91' lang='lat' dir='ltr'><strong>mea</strong></span> <span class='ocrx_word' id='word_1_277' title='bbox 1471 1183 1527 1225; x_wconf 90' lang='lat' dir='ltr'><strong>ad</strong></span> <span class='ocrx_word' id='word_1_278' title='bbox 1553 1188 1597 1225; x_wconf 89' lang='lat' dir='ltr'><strong>te</strong></span> <span class='ocrx_word' id='word_1_279' title='bbox 1623 1184 1753 1226; x_wconf 90' lang='lat' dir='ltr'><strong>Deus.</strong></span> 
     </span>
    </p>

    <p class='ocr_par' dir='ltr' id='par_1_26' title="bbox 1025 1243 1844 1408">
     <span class='ocr_line' id='line_1_64' title="bbox 1077 1243 1842 1287; baseline 0.004 -4"><span class='ocrx_word' id='word_1_280' title='bbox 1077 1243 1218 1284; x_wconf 89' lang='lat' dir='ltr'><strong>Sitivit</strong></span> <span class='ocrx_word' id='word_1_281' title='bbox 1243 1243 1383 1284; x_wconf 90' lang='lat' dir='ltr'><strong>anima</strong></span> <span class='ocrx_word' id='word_1_282' title='bbox 1401 1256 1498 1285; x_wconf 92' lang='lat' dir='ltr'><strong>mea</strong></span> <span class='ocrx_word' id='word_1_283' title='bbox 1522 1243 1578 1285; x_wconf 91' lang='lat' dir='ltr'><strong>ad</strong></span> <span class='ocrx_word' id='word_1_284' title='bbox 1595 1244 1736 1286; x_wconf 89' lang='lat' dir='ltr'><strong>Deum</strong></span> <span class='ocrx_word' id='word_1_285' title='bbox 1761 1245 1842 1287; x_wconf 89' lang='lat' dir='ltr'><strong>for-</strong></span> 
     </span>
     <span class='ocr_line' id='line_1_65' title="bbox 1025 1299 1844 1352; baseline 0.002 -11"><span class='ocrx_word' id='word_1_286' title='bbox 1025 1304 1115 1341; x_wconf 92' lang='lat' dir='ltr'><strong>tem</strong></span> <span class='ocrx_word' id='word_1_287' title='bbox 1142 1299 1302 1340; x_wconf 90' lang='lat' dir='ltr'><strong>vivum:</strong></span> <span class='ocrx_word' id='word_1_288' title='bbox 1329 1300 1352 1325; x_wconf 87' lang='lat'>*</span> <span class='ocrx_word' id='word_1_289' title='bbox 1382 1299 1555 1352; x_wconf 91' lang='lat' dir='ltr'><strong>quando</strong></span> <span class='ocrx_word' id='word_1_290' title='bbox 1583 1301 1765 1351; x_wconf 88' lang='lat' dir='ltr'><strong>veniam,</strong></span> <span class='ocrx_word' id='word_1_291' title='bbox 1801 1307 1844 1343; x_wconf 88' lang='lat' dir='ltr'><strong>et</strong></span> 
     </span>
     <span class='ocr_line' id='line_1_66' title="bbox 1026 1355 1690 1408; baseline 0.002 -12"><span class='ocrx_word' id='word_1_292' title='bbox 1026 1355 1250 1408; x_wconf 80' lang='lat' dir='ltr'><strong>apparebo</strong></span> <span class='ocrx_word' id='word_1_293' title='bbox 1266 1360 1377 1397; x_wconf 80' lang='lat' dir='ltr'><strong>ante</strong></span> <span class='ocrx_word' id='word_1_294' title='bbox 1405 1356 1559 1398; x_wconf 90' lang='lat' dir='ltr'><strong>faciem</strong></span> <span class='ocrx_word' id='word_1_295' title='bbox 1586 1355 1690 1398; x_wconf 89' lang='lat' dir='ltr'><strong>Dei?</strong></span> 
     </span>
    </p>

    <p class='ocr_par' dir='ltr' id='par_1_27' title="bbox 1023 1416 1842 1581">
     <span class='ocr_line' id='line_1_67' title="bbox 1077 1416 1841 1470; baseline 0.004 -14"><span class='ocrx_word' id='word_1_296' title='bbox 1077 1417 1269 1458; x_wconf 86' lang='lat' dir='ltr'><strong>Fuerunt</strong></span> <span class='ocrx_word' id='word_1_297' title='bbox 1289 1416 1393 1457; x_wconf 91' lang='lat' dir='ltr'><strong>mihi</strong></span> <span class='ocrx_word' id='word_1_298' title='bbox 1419 1416 1609 1458; x_wconf 82' lang='lat' dir='ltr'><strong>lacrimae</strong></span> <span class='ocrx_word' id='word_1_299' title='bbox 1634 1430 1743 1458; x_wconf 85' lang='lat' dir='ltr'><strong>meae</strong></span> <span class='ocrx_word' id='word_1_300' title='bbox 1770 1430 1841 1470; x_wconf 88' lang='lat' dir='ltr'><strong>pa-</strong></span> 
     </span>
     <span class='ocr_line' id='line_1_68' title="bbox 1024 1472 1842 1515; baseline 0.001 -2"><span class='ocrx_word' id='word_1_301' title='bbox 1024 1485 1101 1513; x_wconf 92' lang='lat' dir='ltr'><strong>nes</strong></span> <span class='ocrx_word' id='word_1_302' title='bbox 1134 1472 1204 1514; x_wconf 89' lang='lat' dir='ltr'><strong>die</strong></span> <span class='ocrx_word' id='word_1_303' title='bbox 1238 1485 1289 1513; x_wconf 91' lang='lat' dir='ltr'><strong>ac</strong></span> <span class='ocrx_word' id='word_1_304' title='bbox 1320 1478 1463 1514; x_wconf 91' lang='lat' dir='ltr'><strong>nocte:</strong></span> <span class='ocrx_word' id='word_1_305' title='bbox 1496 1473 1519 1498; x_wconf 89' lang='lat'>*</span> <span class='ocrx_word' id='word_1_306' title='bbox 1552 1472 1654 1514; x_wconf 91' lang='lat' dir='ltr'><strong>dum</strong></span> <span class='ocrx_word' id='word_1_307' title='bbox 1688 1472 1842 1515; x_wconf 93' lang='lat' dir='ltr'><strong>dicitur</strong></span> 
     </span>
     <span class='ocr_line' id='line_1_69' title="bbox 1023 1527 1840 1581; baseline 0 -12"><span class='ocrx_word' id='word_1_308' title='bbox 1023 1528 1128 1569; x_wconf 91' lang='lat' dir='ltr'><strong>mihi</strong></span> <span class='ocrx_word' id='word_1_309' title='bbox 1148 1528 1355 1581; x_wconf 91' lang='lat' dir='ltr'><strong>quotidie:</strong></span> <span class='ocrx_word' id='word_1_310' title='bbox 1383 1528 1468 1571; x_wconf 90' lang='lat' dir='ltr'><strong>Ubi</strong></span> <span class='ocrx_word' id='word_1_311' title='bbox 1493 1534 1558 1571; x_wconf 91' lang='lat' dir='ltr'><strong>est</strong></span> <span class='ocrx_word' id='word_1_312' title='bbox 1581 1529 1699 1571; x_wconf 89' lang='lat' dir='ltr'><strong>Deus</strong></span> <span class='ocrx_word' id='word_1_313' title='bbox 1719 1527 1840 1571; x_wconf 88' lang='lat' dir='ltr'><strong>tuus?</strong></span> 
     </span>
    </p>

    <p class='ocr_par' dir='ltr' id='par_1_28' title="bbox 1022 1589 1842 1811">
     <span class='ocr_line' id='line_1_70' title="bbox 1075 1589 1842 1639; baseline 0.001 -9"><span class='ocrx_word' id='word_1_314' title='bbox 1075 1590 1185 1631; x_wconf 87' lang='lat' dir='ltr'><strong>Haec</strong></span> <span class='ocrx_word' id='word_1_315' title='bbox 1212 1589 1467 1631; x_wconf 88' lang='lat' dir='ltr'><strong>recordatus</strong></span> <span class='ocrx_word' id='word_1_316' title='bbox 1495 1603 1605 1639; x_wconf 91' lang='lat' dir='ltr'><strong>sum,</strong></span> <span class='ocrx_word' id='word_1_317' title='bbox 1641 1594 1683 1631; x_wconf 91' lang='lat' dir='ltr'><strong>et</strong></span> <span class='ocrx_word' id='word_1_318' title='bbox 1711 1589 1842 1631; x_wconf 81' lang='lat' dir='ltr'><strong>effudi</strong></span> 
     </span>
     <span class='ocr_line' id='line_1_71' title="bbox 1023 1646 1840 1698; baseline 0.001 -12"><span class='ocrx_word' id='word_1_319' title='bbox 1023 1646 1067 1686; x_wconf 86' lang='lat' dir='ltr'><strong>in</strong></span> <span class='ocrx_word' id='word_1_320' title='bbox 1093 1659 1163 1687; x_wconf 91' lang='lat' dir='ltr'><strong>me</strong></span> <span class='ocrx_word' id='word_1_321' title='bbox 1192 1646 1378 1687; x_wconf 89' lang='lat' dir='ltr'><strong>animam</strong></span> <span class='ocrx_word' id='word_1_322' title='bbox 1404 1659 1560 1687; x_wconf 88' lang='lat' dir='ltr'><strong>meam:</strong></span> <span class='ocrx_word' id='word_1_323' title='bbox 1587 1647 1611 1671; x_wconf 82' lang='lat'>*</span> <span class='ocrx_word' id='word_1_324' title='bbox 1640 1646 1840 1698; x_wconf 74' lang='lat' dir='ltr'><strong>queniam</strong></span> 
     </span>
     <span class='ocr_line' id='line_1_72' title="bbox 1022 1701 1838 1744; baseline 0 -1"><span class='ocrx_word' id='word_1_325' title='bbox 1022 1702 1218 1744; x_wconf 81' lang='lat' dir='ltr'><strong>transibo</strong></span> <span class='ocrx_word' id='word_1_326' title='bbox 1245 1702 1288 1742; x_wconf 93' lang='lat' dir='ltr'><strong>in</strong></span> <span class='ocrx_word' id='word_1_327' title='bbox 1309 1701 1452 1743; x_wconf 92' lang='lat' dir='ltr'><strong>locum</strong></span> <span class='ocrx_word' id='word_1_328' title='bbox 1479 1702 1744 1744; x_wconf 90' lang='lat' dir='ltr'><strong>tabernaculi</strong></span> <span class='ocrx_word' id='word_1_329' title='bbox 1768 1701 1838 1743; x_wconf 91' lang='lat' dir='ltr'><strong>ad-</strong></span> 
     </span>
     <span class='ocr_line' id='line_1_73' title="bbox 1023 1758 1813 1811; baseline -0.001 -12"><span class='ocrx_word' id='word_1_330' title='bbox 1023 1758 1242 1808; x_wconf 90' lang='lat' dir='ltr'><strong>mirabilis,</strong></span> <span class='ocrx_word' id='word_1_331' title='bbox 1271 1771 1408 1811; x_wconf 89' lang='lat' dir='ltr'><strong>usque</strong></span> <span class='ocrx_word' id='word_1_332' title='bbox 1436 1758 1492 1799; x_wconf 91' lang='lat' dir='ltr'><strong>ad</strong></span> <span class='ocrx_word' id='word_1_333' title='bbox 1520 1758 1695 1800; x_wconf 92' lang='lat' dir='ltr'><strong>domum</strong></span> <span class='ocrx_word' id='word_1_334' title='bbox 1722 1758 1813 1799; x_wconf 92' lang='lat' dir='ltr'><strong>Dei.</strong></span> 
     </span>
    </p>

    <p class='ocr_par' dir='ltr' id='par_1_29' title="bbox 1022 1818 1838 1927">
     <span class='ocr_line' id='line_1_74' title="bbox 1074 1818 1838 1868; baseline -0.001 -8"><span class='ocrx_word' id='word_1_335' title='bbox 1074 1819 1125 1860; x_wconf 87' lang='lat' dir='ltr'><strong>In</strong></span> <span class='ocrx_word' id='word_1_336' title='bbox 1144 1831 1252 1861; x_wconf 93' lang='lat' dir='ltr'><strong>voce</strong></span> <span class='ocrx_word' id='word_1_337' title='bbox 1277 1818 1584 1868; x_wconf 74' lang='lat' dir='ltr'><strong>exsultationis,</strong></span> <span class='ocrx_word' id='word_1_338' title='bbox 1608 1823 1651 1860; x_wconf 90' lang='lat' dir='ltr'><strong>et</strong></span> <span class='ocrx_word' id='word_1_339' title='bbox 1676 1818 1838 1860; x_wconf 89' lang='lat' dir='ltr'><strong>confes-</strong></span> 
     </span>
     <span class='ocr_line' id='line_1_75' title="bbox 1022 1875 1630 1927; baseline -0.002 -11"><span class='ocrx_word' id='word_1_340' title='bbox 1022 1875 1170 1917; x_wconf 76' lang='lat' dir='ltr'><strong>sienis:</strong></span> <span class='ocrx_word' id='word_1_341' title='bbox 1198 1876 1221 1901; x_wconf 86' lang='lat'>*</span> <span class='ocrx_word' id='word_1_342' title='bbox 1249 1888 1380 1917; x_wconf 92' lang='lat' dir='ltr'><strong>sonus</strong></span> <span class='ocrx_word' id='word_1_343' title='bbox 1407 1875 1630 1927; x_wconf 88' lang='lat' dir='ltr'><strong>epulantis.</strong></span> 
     </span>
    </p>

    <p class='ocr_par' dir='ltr' id='par_1_30' title="bbox 1023 1933 1837 2045">
     <span class='ocr_line' id='line_1_76' title="bbox 1074 1933 1837 1988; baseline -0.003 -10"><span class='ocrx_word' id='word_1_344' title='bbox 1074 1937 1218 1988; x_wconf 88' lang='lat' dir='ltr'><strong>Quare</strong></span> <span class='ocrx_word' id='word_1_345' title='bbox 1249 1936 1384 1978; x_wconf 89' lang='lat' dir='ltr'><strong>tristis</strong></span> <span class='ocrx_word' id='word_1_346' title='bbox 1418 1948 1464 1977; x_wconf 91' lang='lat' dir='ltr'><strong>es</strong></span> <span class='ocrx_word' id='word_1_347' title='bbox 1497 1936 1638 1976; x_wconf 86' lang='lat' dir='ltr'><strong>anima</strong></span> <span class='ocrx_word' id='word_1_348' title='bbox 1668 1933 1787 1977; x_wconf 87' lang='lat' dir='ltr'><strong>mea?</strong></span> <span class='ocrx_word' id='word_1_349' title='bbox 1814 1935 1837 1961; x_wconf 89' lang='lat'>*</span> 
     </span>
     <span class='ocr_line' id='line_1_77' title="bbox 1023 1989 1607 2045; baseline -0.003 -11"><span class='ocrx_word' id='word_1_350' title='bbox 1023 1997 1066 2035; x_wconf 90' lang='lat' dir='ltr'><strong>et</strong></span> <span class='ocrx_word' id='word_1_351' title='bbox 1094 2005 1227 2045; x_wconf 89' lang='lat' dir='ltr'><strong>quare</strong></span> <span class='ocrx_word' id='word_1_352' title='bbox 1256 1991 1489 2033; x_wconf 78' lang='lat' dir='ltr'><strong>conturbas</strong></span> <span class='ocrx_word' id='word_1_353' title='bbox 1515 1989 1607 2033; x_wconf 86' lang='lat' dir='ltr'><strong>me?</strong></span> 
     </span>
    </p>

    <p class='ocr_par' dir='ltr' id='par_1_31' title="bbox 1022 2051 1836 2207">
     <span class='ocr_line' id='line_1_78' title="bbox 1073 2051 1836 2106; baseline -0.004 -11"><span class='ocrx_word' id='word_1_354' title='bbox 1073 2053 1211 2106; x_wconf 89' lang='lat' dir='ltr'><strong>Spera</strong></span> <span class='ocrx_word' id='word_1_355' title='bbox 1242 2053 1286 2093; x_wconf 89' lang='lat' dir='ltr'><strong>in</strong></span> <span class='ocrx_word' id='word_1_356' title='bbox 1317 2052 1430 2102; x_wconf 87' lang='lat' dir='ltr'><strong>Deo,</strong></span> <span class='ocrx_word' id='word_1_357' title='bbox 1464 2052 1665 2104; x_wconf 83' lang='lat' dir='ltr'><strong>quoniam</strong></span> <span class='ocrx_word' id='word_1_358' title='bbox 1697 2051 1836 2093; x_wconf 89' lang='lat' dir='ltr'><strong>adhuc</strong></span> 
     </span>
     <span class='ocr_line' id='line_1_79' title="bbox 1022 2107 1835 2156; baseline -0.004 -5"><span class='ocrx_word' id='word_1_359' title='bbox 1022 2109 1263 2151; x_wconf 87' lang='lat' dir='ltr'><strong>confitebor</strong></span> <span class='ocrx_word' id='word_1_360' title='bbox 1273 2108 1348 2149; x_wconf 89' lang='lat' dir='ltr'><strong>illi:</strong></span> <span class='ocrx_word' id='word_1_361' title='bbox 1358 2109 1381 2134; x_wconf 88' lang='lat'>*</span> <span class='ocrx_word' id='word_1_362' title='bbox 1393 2108 1580 2150; x_wconf 86' lang='lat' dir='ltr'><strong>salutare</strong></span> <span class='ocrx_word' id='word_1_363' title='bbox 1591 2107 1731 2149; x_wconf 89' lang='lat' dir='ltr'><strong>vultus</strong></span> <span class='ocrx_word' id='word_1_364' title='bbox 1741 2108 1835 2156; x_wconf 87' lang='lat' dir='ltr'><strong>mei,</strong></span> 
     </span>
     <span class='ocr_line' id='line_1_80' title="bbox 1022 2165 1370 2207; baseline -0.006 0"><span class='ocrx_word' id='word_1_365' title='bbox 1022 2170 1066 2207; x_wconf 93' lang='lat' dir='ltr'><strong>et</strong></span> <span class='ocrx_word' id='word_1_366' title='bbox 1091 2165 1211 2207; x_wconf 91' lang='lat' dir='ltr'><strong>Deus</strong></span> <span class='ocrx_word' id='word_1_367' title='bbox 1238 2177 1370 2206; x_wconf 84' lang='lat' dir='ltr'><strong>meus.</strong></span> 
     </span>
    </p>

    <p class='ocr_par' dir='ltr' id='par_1_32' title="bbox 1020 2225 1835 2436">
     <span class='ocr_line' id='line_1_81' title="bbox 1072 2225 1835 2278; baseline -0.005 -11"><span class='ocrx_word' id='word_1_368' title='bbox 1072 2225 1145 2267; x_wconf 92' lang='lat' dir='ltr'><strong>Ad</strong></span> <span class='ocrx_word' id='word_1_369' title='bbox 1164 2227 1377 2278; x_wconf 90' lang='lat' dir='ltr'><strong>meipsum</strong></span> <span class='ocrx_word' id='word_1_370' title='bbox 1395 2225 1534 2265; x_wconf 89' lang='lat' dir='ltr'><strong>anima</strong></span> <span class='ocrx_word' id='word_1_371' title='bbox 1552 2236 1648 2265; x_wconf 88' lang='lat' dir='ltr'><strong>mea</strong></span> <span class='ocrx_word' id='word_1_372' title='bbox 1667 2227 1835 2265; x_wconf 88' lang='lat' dir='ltr'><strong>contur-</strong></span> 
     </span>
     <span class='ocr_line' id='line_1_82' title="bbox 1021 2282 1835 2333; baseline -0.005 -9"><span class='ocrx_word' id='word_1_373' title='bbox 1021 2282 1125 2324; x_wconf 88' lang='lat' dir='ltr'><strong>bata</strong></span> <span class='ocrx_word' id='word_1_374' title='bbox 1152 2287 1231 2324; x_wconf 88' lang='lat' dir='ltr'><strong>est:</strong></span> <span class='ocrx_word' id='word_1_375' title='bbox 1259 2282 1282 2308; x_wconf 89' lang='lat'>*</span> <span class='ocrx_word' id='word_1_376' title='bbox 1309 2282 1541 2333; x_wconf 87' lang='lat' dir='ltr'><strong>propterea</strong></span> <span class='ocrx_word' id='word_1_377' title='bbox 1566 2292 1732 2320; x_wconf 92' lang='lat' dir='ltr'><strong>memor</strong></span> <span class='ocrx_word' id='word_1_378' title='bbox 1760 2292 1835 2321; x_wconf 92' lang='lat' dir='ltr'><strong>ero</strong></span> 
     </span>
     <span class='ocr_line' id='line_1_83' title="bbox 1020 2335 1835 2384; baseline -0.006 -3"><span class='ocrx_word' id='word_1_379' title='bbox 1020 2339 1083 2380; x_wconf 86' lang='lat' dir='ltr'><strong>tui</strong></span> <span class='ocrx_word' id='word_1_380' title='bbox 1111 2337 1166 2380; x_wconf 93' lang='lat' dir='ltr'><strong>de</strong></span> <span class='ocrx_word' id='word_1_381' title='bbox 1193 2343 1310 2380; x_wconf 90' lang='lat' dir='ltr'><strong>terra</strong></span> <span class='ocrx_word' id='word_1_382' title='bbox 1335 2335 1551 2384; x_wconf 81' lang='lat' dir='ltr'><strong>JordaniS‚</strong></span> <span class='ocrx_word' id='word_1_383' title='bbox 1584 2340 1627 2377; x_wconf 90' lang='lat' dir='ltr'><strong>et</strong></span> <span class='ocrx_word' id='word_1_384' title='bbox 1654 2335 1835 2376; x_wconf 84' lang='lat' dir='ltr'><strong>Hermo-</strong></span> 
     </span>
     <span class='ocr_line' id='line_1_84' title="bbox 1020 2390 1558 2436; baseline -0.007 -1"><span class='ocrx_word' id='word_1_385' title='bbox 1020 2395 1123 2435; x_wconf 90' lang='lat' dir='ltr'><strong>niim</strong></span> <span class='ocrx_word' id='word_1_386' title='bbox 1151 2407 1177 2435; x_wconf 89' lang='lat' dir='ltr'><strong>a</strong></span> <span class='ocrx_word' id='word_1_387' title='bbox 1202 2398 1349 2436; x_wconf 89' lang='lat' dir='ltr'><strong>monte</strong></span> <span class='ocrx_word' id='word_1_388' title='bbox 1375 2390 1558 2433; x_wconf 80' lang='lat' dir='ltr'><strong>modico.</strong></span> 
     </span>
    </p>

    <p class='ocr_par' dir='ltr' id='par_1_33' title="bbox 1020 2451 1833 2552">
     <span class='ocr_line' id='line_1_85' title="bbox 1073 2451 1833 2507; baseline -0.007 -11"><span class='ocrx_word' id='word_1_389' title='bbox 1073 2454 1269 2507; x_wconf 74' lang='lat' dir='ltr'><strong>Abyssus</strong></span> <span class='ocrx_word' id='word_1_390' title='bbox 1297 2453 1498 2505; x_wconf 74' lang='lat' dir='ltr'><strong>abyssum</strong></span> <span class='ocrx_word' id='word_1_391' title='bbox 1526 2453 1715 2501; x_wconf 88' lang='lat' dir='ltr'><strong>invocat,</strong></span> <span class='ocrx_word' id='word_1_392' title='bbox 1742 2451 1765 2476; x_wconf 86' lang='lat'>*</span> <span class='ocrx_word' id='word_1_393' title='bbox 1792 2451 1833 2491; x_wconf 91' lang='lat' dir='ltr'><strong>in</strong></span> 
     </span>
     <span class='ocr_line' id='line_1_86' title="bbox 1020 2508 1681 2552; baseline -0.008 0"><span class='ocrx_word' id='word_1_394' title='bbox 1020 2523 1129 2552; x_wconf 92' lang='lat' dir='ltr'><strong>voce</strong></span> <span class='ocrx_word' id='word_1_395' title='bbox 1158 2510 1470 2552; x_wconf 89' lang='lat' dir='ltr'><strong>cataractarum</strong></span> <span class='ocrx_word' id='word_1_396' title='bbox 1500 2508 1681 2548; x_wconf 88' lang='lat' dir='ltr'><strong>tuarum.</strong></span> 
     </span>
    </p>

    <p class='ocr_par' dir='ltr' id='par_1_34' title="bbox 1020 2565 1833 2678">
     <span class='ocr_line' id='line_1_87' title="bbox 1073 2565 1833 2617; baseline -0.007 -5"><span class='ocrx_word' id='word_1_397' title='bbox 1073 2570 1227 2612; x_wconf 84' lang='lat' dir='ltr'><strong>Omnia</strong></span> <span class='ocrx_word' id='word_1_398' title='bbox 1245 2568 1414 2611; x_wconf 85' lang='lat' dir='ltr'><strong>excelsa</strong></span> <span class='ocrx_word' id='word_1_399' title='bbox 1431 2572 1516 2617; x_wconf 85' lang='lat' dir='ltr'><strong>tua,</strong></span> <span class='ocrx_word' id='word_1_400' title='bbox 1536 2572 1579 2609; x_wconf 93' lang='lat' dir='ltr'><strong>et</strong></span> <span class='ocrx_word' id='word_1_401' title='bbox 1599 2567 1754 2609; x_wconf 88' lang='lat' dir='ltr'><strong>fluctus</strong></span> <span class='ocrx_word' id='word_1_402' title='bbox 1773 2565 1833 2608; x_wconf 90' lang='lat' dir='ltr'><strong>tui</strong></span> 
     </span>
     <span class='ocr_line' id='line_1_88' title="bbox 1020 2623 1592 2678; baseline -0.009 -10"><span class='ocrx_word' id='word_1_403' title='bbox 1020 2627 1043 2653; x_wconf 86' lang='lat'>*</span> <span class='ocrx_word' id='word_1_404' title='bbox 1070 2639 1200 2678; x_wconf 90' lang='lat' dir='ltr'><strong>super</strong></span> <span class='ocrx_word' id='word_1_405' title='bbox 1227 2637 1296 2666; x_wconf 91' lang='lat' dir='ltr'><strong>me</strong></span> <span class='ocrx_word' id='word_1_406' title='bbox 1322 2623 1592 2665; x_wconf 85' lang='lat' dir='ltr'><strong>transierunt.</strong></span> 
     </span>
    </p>

    <p class='ocr_par' dir='ltr' id='par_1_35' title="bbox 1070 2681 1831 2727">
     <span class='ocr_line' id='line_1_89' title="bbox 1070 2681 1831 2727; baseline -0.007 0"><span class='ocrx_word' id='word_1_407' title='bbox 1070 2687 1121 2727; x_wconf 90' lang='lat' dir='ltr'><strong>In</strong></span> <span class='ocrx_word' id='word_1_408' title='bbox 1147 2685 1216 2727; x_wconf 90' lang='lat' dir='ltr'><strong>die</strong></span> <span class='ocrx_word' id='word_1_409' title='bbox 1238 2682 1458 2727; x_wconf 88' lang='lat' dir='ltr'><strong>mandavit</strong></span> <span class='ocrx_word' id='word_1_410' title='bbox 1475 2683 1685 2725; x_wconf 82' lang='lat' dir='ltr'><strong>Dominus</strong></span> <span class='ocrx_word' id='word_1_411' title='bbox 1710 2681 1831 2723; x_wconf 88' lang='lat' dir='ltr'><strong>mise-</strong></span> 
     </span>
    </p>
   </div>
   <div class='ocr_carea' id='block_1_8' title="bbox 91 93 1907 2794">
    <p class='ocr_par' dir='ltr' id='par_1_36' title="bbox 91 93 1907 2794">
     <span class='ocr_line' id='line_1_90' title="bbox 91 93 1907 2794; baseline 0 0"><span class='ocrx_word' id='word_1_412' title='bbox 91 93 1907 2794; x_wconf 95' lang='lat' dir='ltr'><strong> </strong></span> 
     </span>
    </p>
   </div>
  </div>
 </body>
</html>
