2028 2892
700 177 902 213 Dominica
927 180 990 214 IH.
1016 186 1106 224 post
1130 182 1288 217 Pascha.

135 278 216 318 per
241 266 531 319 quadraginta
550 266 645 308 dies
669 271 964 319 conversatus,

135 322 333 364 ascendit
352 323 396 363 in
414 323 586 364 coelum.

188 380 237 431 R».
277 378 554 420 Decantabat
589 379 781 431 populus
818 381 964 430 Israel,

136 434 322 486 alleluja:
351 438 395 475 et
417 435 620 476 universa
643 435 877 477 multitudo
897 437 964 477 Ja-

136 490 221 531 cob
248 489 435 531 canebat
457 490 666 541 legitime:
692 495 715 518 *
740 491 797 532 Et
819 492 965 534 David

135 558 235 588 cum
254 545 507 587 cantoribus
525 546 735 588 citharam
752 548 965 599 percutie-

134 601 211 644 bat
226 602 270 642 in
286 602 419 643 domo
433 602 624 652 Domini,
644 608 688 644 et
703 603 855 645 laudes
867 605 964 646 Deo

135 658 336 708 canebat,
361 658 548 710 alleluja,
572 658 752 710 alleluja.
787 656 836 707 W.
862 660 964 701 San-

134 714 314 755 ctificati
350 719 453 756 sunt
489 727 594 766 ergo
632 715 887 757 sacerdotes
922 721 965 757 et

132 770 299 812 levitae:
331 774 376 812 et
406 771 636 812 universus
662 771 802 812 Israel
832 771 963 814 dedu-

133 826 263 868 cebat
281 839 429 867 arcam
446 826 628 868 fo'ederis
645 828 824 869 Domini
842 828 887 868 in
904 829 963 880 ju-

132 882 234 924 bilo.
263 883 321 923 Et
339 882 497 923 David.

417 942 571 983 Lectio
592 943 677 983 viii.

178 994 249 1035 llis
276 1007 381 1045 ergo
414 995 493 1036 ait:
528 995 774 1044 Modicum,
809 1001 852 1037 et
878 997 963 1048 jam

191 1062 280 1092 non
303 1050 508 1092 videbitis
530 1064 616 1101 me;
647 1051 721 1103 qui
746 1064 845 1092 eum
870 1065 962 1093 cor-

130 1106 343 1158 poraliter
367 1111 474 1147 tunc
501 1106 726 1149 videbant:
756 1108 859 1159 quia
883 1108 963 1149 itu-

131 1174 206 1203 rus
232 1166 326 1203 erat
351 1162 408 1203 ad
432 1163 625 1212 Patrem,
653 1168 697 1204 et
722 1176 821 1204 eum
845 1163 962 1204 dein-

132 1230 238 1270 ceps
268 1218 503 1260 mortalem
538 1219 674 1259 visuri
706 1231 795 1260 non
828 1224 961 1269 erant,

132 1274 317 1326 qualem,
337 1287 437 1315 cum
453 1275 539 1316 ista
556 1275 824 1327 loqueretur,
843 1275 961 1316 vide-

129 1329 247 1371 bant.
264 1330 396 1380 Quod
410 1343 517 1372 vero
533 1330 718 1372 addidit:
733 1331 790 1372 Et
803 1333 962 1372 iterum

129 1385 370 1435 modicum,
394 1390 438 1427 et
457 1386 663 1428 videbitis
682 1399 768 1427 me:
792 1387 961 1428 univer-

130 1454 192 1483 sae
223 1442 430 1494 promisit
457 1442 687 1491 Ecclesiae,
727 1442 841 1483 sicut
871 1443 961 1483 uni-

129 1499 270 1539 versae
301 1498 523 1550 promisit:
554 1498 670 1539 Ecce
704 1510 786 1548 ego
819 1498 960 1540 vobis-

131 1566 228 1594 cum
254 1566 351 1595 sum
377 1566 518 1606 usque
544 1553 602 1594 ad
626 1555 960 1596 consummatio·

128 1622 230 1651 nem
255 1609 416 1651 saeculi.
451 1610 552 1650 Non
576 1609 724 1651 tardat
742 1610 960 1651 Dominus

127 1667 403 1718 promissum.
448 1666 693 1715 Modicum,
724 1670 768 1707 et
795 1665 959 1707 videbi-

60 1741 64 1745 *
130 1734 229 1762 mus
255 1734 370 1763 eum:
397 1721 474 1763 ubi
498 1722 583 1773 jam
609 1720 717 1762 nihil
743 1723 959 1772 rogemus,

127 1777 235 1818 nihil
253 1777 582 1828 interrogemus,
605 1778 706 1830 quia
725 1777 831 1818 nihil
848 1777 958 1819 desi-

129 1832 374 1874 derandum
408 1833 670 1883 remanebit,
703 1833 809 1874 nihil
843 1847 958 1885 quae-

128 1888 313 1930 rendum
332 1888 498 1930 latebit.

183 1948 232 1998 Rs,
269 1945 467 1986 Tristitia
501 1949 668 1993 vestra,
705 1944 897 1996 alleluja,
936 1950 958 1975 *

131 2000 423 2041 Convertetur
449 2001 493 2041 in
521 1999 748 2052 gaudium,
777 2000 959 2051 alleluja,

129 2054 312 2107 alleluja.
346 2055 395 2106 V.
422 2056 614 2097 Mundus
634 2060 781 2096 autem
799 2056 958 2106 gaude-

128 2110 209 2159 bit,
236 2123 316 2152 vos
340 2124 445 2153 vero
471 2110 851 2153 contristabimini:
880 2111 960 2153 sed

129 2167 308 2208 tristitia
330 2172 487 2209 vestra.
522 2168 822 2208 Convertetur.
855 2167 959 2207 Glo-

129 2223 194 2263 ria
212 2223 343 2264 Patri.
373 2223 674 2264 Convertetur.

433 2283 585 2323 Lectio
606 2285 660 2324 ix.

224 2347 279 2375 oc
302 2333 524 2374 modicum
546 2334 727 2384 longum
749 2334 877 2375 nobis
899 2334 958 2374 vi-

243 2389 385 2438 detur,
412 2389 619 2441 quoniam
639 2390 782 2431 adhuc
802 2390 959 2440 agitur:

130 2458 229 2487 cum
248 2445 418 2486 finitum
438 2445 577 2494 fuerit,
599 2449 703 2486 tunc
723 2445 959 2486 sentiemus

132 2514 262 2552 quam
290 2500 514 2541 modicum
541 2500 682 2542 fuerit.
722 2501 823 2541 Non
855 2512 958 2549 ergo

131 2556 187 2597 sit
211 2556 420 2606 gaudium
445 2561 647 2598 nostrum
671 2555 799 2608 quale
827 2554 959 2595 habet

129 2611 334 2661 mundus,
360 2611 415 2653 de
440 2624 526 2663 quo
547 2611 713 2653 dictum
733 2615 813 2652 est:
838 2609 957 2649 Mun-

131 2665 213 2707 dus
245 2672 391 2708 autem
421 2666 642 2718 gaudebit.
686 2667 782 2708 Nec
814 2670 958 2706 tamen

1774 179 1842 214 293

1017 271 1061 311 in
1080 271 1205 323 hujus
1226 272 1431 314 desiderii
1447 275 1734 326 parturitione
1750 276 1842 317 sine

1017 327 1179 378 gaudio
1199 329 1346 370 tristes
1367 330 1514 370 simus:
1539 331 1632 380 sed,
1652 332 1764 372 sicut
1783 332 1843 372 ait

1018 384 1277 435 Apostolus:
1304 385 1391 437 Spe
1414 385 1668 435 gaudentes:
1694 388 1745 427 In
1769 388 1841 428 tri-

1017 439 1242 481 bulatione
1274 441 1507 492 patientes:
1539 443 1639 493 quia
1672 447 1715 484 et
1745 443 1843 495 ipsa

1018 496 1282 547 parturiens,
1316 497 1385 537 cui
1412 498 1653 549 comparati
1680 511 1841 550 sumus,

1017 551 1116 603 plus
1141 552 1304 601 gaudet
1328 552 1382 593 de
1407 565 1510 593 mox
1535 553 1680 595 futura
1706 554 1842 606 prole,

1020 619 1150 658 quam
1182 608 1320 649 tristis
1356 613 1422 650 est
1449 607 1504 649 de
1531 610 1738 660 praesenti
1767 609 1841 651 do-

1017 662 1122 704 lore.
1167 663 1254 704 Sed
1282 663 1407 715 hujus
1435 665 1647 705 sermonis
1675 665 1757 706 iste
1786 666 1842 706 sit

1016 718 1130 758 finis:
1179 719 1342 761 habent
1392 720 1507 761 enim
1555 721 1842 771 quaestionem

1016 774 1385 824 molestissimam,
1438 789 1536 828 quae
1587 780 1842 827 sequuntur:

1016 843 1099 871 nec
1121 830 1339 872 brevitate
1363 832 1628 873 coarctanda
1653 837 1768 881 sunt,
1794 836 1842 873 ut

1017 887 1189 937 possint
1227 888 1518 937 commodius,
1560 889 1596 928 si
1627 888 1841 929 Dominus

1016 942 1215 991 voluerit,
1238 943 1456 995 explicari.

1074 1003 1134 1043 Te
1153 1003 1296 1043 Deum
1315 1003 1554 1044 laudamus.
1572 1004 1631 1043 15.

1275 1083 1354 1124 Ad
1378 1083 1584 1124 Laudes.

1068 1144 1156 1178 Ant.
1182 1149 1218 1178 et
1240 1144 1302 1179 I's.
1328 1144 1374 1179 de
1399 1145 1515 1179 l‘salt.
1541 1144 1592 1178 15.

1068 1199 1326 1251 Capitulum.
1526 1203 1557 1241 1.
1573 1202 1689 1242 Petri
1703 1204 1740 1242 2.
1756 1216 1789 1243 c.

1016 1255 1291 1362 Carissimi:
1312 1260 1509 1302 Obsecro
1525 1273 1605 1301 vos
1620 1265 1842 1310 tamquam

1108 1316 1299 1357 advenas
1337 1322 1382 1358 et
1417 1318 1674 1368 peregrinos
1711 1314 1841 1355 absti—

1014 1373 1118 1413 nere
1151 1385 1231 1413 vos
1265 1385 1290 1412 a
1326 1371 1571 1413 carnalibus
1604 1369 1841 1418 desideriis,

1016 1440 1114 1479 quae
1134 1428 1320 1469 militant
1339 1427 1547 1468 adversus
1566 1427 1763 1467 animam.

1068 1487 1279 1537 Hymnus.
1308 1489 1481 1528 Aurora
1500 1487 1670 1528 coelum.
1698 1487 1756 1526 19.

1066 1541 1117 1593 ΥΤ.
1143 1549 1194 1588 Ι11
1222 1548 1539 1588 resurrectione
1564 1551 1639 1587 tua
1659 1546 1840 1594 Christe,

1014 1603 1196 1654 alleluja.
1226 1604 1277 1655 Η.
1302 1603 1413 1644 Coeli
1432 1607 1475 1644 et
1493 1607 1609 1644 terra
1627 1602 1840 1650 laetentur,

1014 1659 1195 1710 alleluja.

1067 1717 1138 1758 Ad
1162 1718 1323 1760 Bened.
1348 1720 1446 1760 Ant.
1480 1717 1718 1766 Modicum,
1746 1718 1769 1742 *
1798 1720 1841 1757 et

1013 1788 1102 1815 non
1130 1774 1334 1815 videbitis
1361 1787 1447 1823 me,
1478 1774 1582 1815 dicit
1611 1772 1840 1813 Dominus:

1012 1832 1170 1871 iterum
1195 1830 1433 1879 modicum,
1462 1834 1505 1870 et
1529 1828 1731 1869 videbitis
1754 1840 1839 1867 mc:

1015 1886 1116 1937 quia
1130 1885 1245 1927 vado
1265 1886 1321 1927 ad
1335 1886 1521 1935 Patrem,
1540 1884 1722 1935 alleluja,
1740 1882 1838 1923 alle-

1013 1941 1110 1993 luja.

1350 1991 1511 2030 Oratio.

1013 2039 1192 2144 Deus,
1218 2049 1290 2100 qui
1315 2047 1573 2095 errantibus,
1597 2050 1644 2087 ut
1662 2045 1705 2084 in
1724 2044 1837 2085 viam

1115 2104 1287 2155 possint
1308 2103 1450 2145 redire
1471 2102 1660 2153 justitiae,
1684 2099 1836 2140 verita-

1011 2159 1068 2200 tis
1086 2163 1174 2200 tuae
1193 2159 1339 2201 lumen
1358 2156 1568 2200 ostendis:
1596 2155 1652 2196 da
1671 2153 1836 2195 cunctis

1012 2215 1087 2265 qui
1111 2214 1345 2256 christiana
1366 2212 1638 2266 professione
1660 2210 1835 2272 censen-

1010 2274 1096 2319 tur,
1120 2275 1164 2311 et
1184 2270 1258 2311 illa
1278 2272 1501 2321 respuere,
1525 2279 1623 2318 quae
1642 2265 1743 2305 huic
1761 2277 1835 2303 1111-

1010 2327 1124 2366 mica
1148 2330 1249 2366 sunt
1271 2324 1448 2373 nomini;
1477 2327 1520 2363 et
1544 2334 1595 2362 ea
1614 2333 1713 2372 quae
1736 2323 1837 2359 sunt

1011 2385 1124 2432 apta,
1144 2381 1313 2421 sectari.
1341 2381 1424 2419 Per
1441 2376 1687 2418 Dominum.

1067 2440 1272 2473 Commem.
1298 2439 1345 2472 de
1370 2436 1596 2475 Cruce4275.

1281 2497 1348 2533 Ad
1371 2496 1571 2532 Tertiam.

1064 2549 1201 2600 Capit.
1229 2548 1459 2590 Carissimi.
1479 2551 1525 2587 ut
1544 2559 1686 2599 supra.

1062 2607 1114 2657 R.
1139 2607 1202 2647 br.
1230 2607 1424 2650 Surrexit
1445 2606 1659 2647 Dominus
1688 2606 1743 2647 de
1771 2618 1834 2647 se-

1010 2665 1206 2716 pulchro,
1228 2662 1251 2686 *
1264 2661 1458 2712 Alleluja,
1478 2661 1658 2713 allehija.
1685 2662 1832 2703 Surre-
