2028 2892
631 188 728 221 Infra
756 186 1044 220 llcbdomadam
1073 186 1118 219 iv.
1145 185 1468 227 Quadragcsimae.

207 290 323 338 vitae,
357 292 399 329 et
426 287 470 327 in
494 286 654 328 himine
677 291 753 327 tuo
779 283 1019 326 videbimus

205 346 358 387 lumen.
388 343 614 384 Advertite
635 341 739 395 quid
758 341 812 383 de
831 340 906 382 tali
924 340 1020 381 luce

206 404 406 452 antiquus
432 401 679 442 sancterum
698 398 920 440 heminum
938 396 1019 437 Dei

206 470 347 500 sermo
384 456 653 509 praemiserit.
698 455 926 503 Hemines‚
961 453 1020 493 in-

207 515 313 567 quit,
338 518 381 555 et
404 514 591 565 iumenta
615 511 758 553 salvos
781 511 915 552 facies
933 509 1019 550 De-

205 571 332 612 mine:
359 570 470 611 sicut
494 567 779 621 multiplicata
807 572 873 609 est
897 566 1020 607 mise-

205 626 391 668 ricerdia
408 631 483 667 tua
501 625 631 666 Deus.

262 686 310 738 R.
334 685 558 728 Attendite
576 685 748 738 pepule.
768 685 852 726 176.

264 756 331 796 Ad
367 755 523 796 Bened.
572 755 667 794 Ant.
717 753 796 802 Qui
828 754 1023 806 sequitur

206 825 285 861 me,
301 813 324 839 *
338 824 425 852 non
446 811 638 852 ambulat
657 811 700 851 in
719 809 925 851 tenebris:
944 810 1023 852 sed

207 868 383 910 habebit
397 867 541 909 lumen
556 868 666 916 vitae,
684 866 789 908 dicit
800 866 1022 908 Deminus.

538 926 697 966 Oratio.

290 982 350 1023 iat
358 980 543 1022 Demine
561 983 818 1032 quaesumus,
836 993 915 1033 per
930 982 1022 1032 gra-

295 1038 399 1080 tiam
430 1042 548 1079 tuam
582 1037 829 1078 fructuesus
862 1042 1023 1079 nostrae

209 1094 451 1137 devotienis
477 1093 670 1135 affectus:
700 1094 799 1146 quia
823 1098 926 1135 tunc
950 1107 1023 1135 no-

207 1152 273 1194 bis
300 1150 540 1203 prederunt
565 1151 767 1203 suscepta
791 1151 960 1202 jejunia,
989 1152 1024 1192 si

207 1213 292 1249 tuae
317 1207 402 1248 sint
426 1205 585 1259 placita
603 1207 764 1259 pietati.
798 1207 881 1248 Per
900 1208 1024 1248 Dfim.

480 1311 508 1347 S
526 1321 551 1346 a
570 1310 595 1346 b
613 1310 639 1346 b
657 1321 683 1346 a
697 1314 714 1346 t
731 1321 755 1347 o

301 1368 397 1403 ante
419 1362 690 1403 Dominicam
710 1361 939 1402 Passionis.

436 1435 514 1476 Ad
532 1436 795 1486 vesperas.

265 1501 520 1553 Capitulum.
737 1499 867 1541 Hebr.
887 1500 923 1539 9.
944 1512 977 1540 c.

294 1568 447 1604 ratres:
467 1562 662 1603 Christus
686 1565 892 1606 assistens
915 1565 1024 1607 Pen-

298 1619 403 1660 tifex
425 1619 667 1660 futurerum
690 1618 919 1671 bonerum,
947 1635 1025 1675 per

210 1675 395 1728 amplius
431 1680 474 1717 et
507 1675 741 1728 perfectius
773 1677 1024 1720 tabernacu-

210 1732 298 1773 lum
317 1744 401 1772 non
421 1745 549 1773 manu
569 1731 742 1781 factum,
767 1733 812 1775 id
832 1742 913 1784 est,
938 1748 1024 1777 non

210 1787 334 1839 hujus
365 1788 610 1830 creatienis:
648 1801 789 1841 neque
821 1804 899 1843 per
931 1794 1025 1833 san-

209 1844 382 1895 guinem
418 1843 634 1885 hircerum
671 1850 746 1886 aut
782 1846 1025 1898 vitulerum,

211 1899 288 1941 sed
319 1913 397 1953 per
429 1900 654 1953 preprium
684 1902 938 1953 sanguinem
967 1904 1024 1945 in-

210 1957 357 1998 troivit
396 1957 529 1998 semel
569 1957 611 1997 in
648 1958 822 2008 Sancta,
864 1962 1026 2003 aeterna

211 2012 511 2065 redemptiene
529 2013 710 2055 inventa.

525 2070 729 2120 Hymnus.

327 2133 454 2174 exilla
473 2134 586 2184 regis
606 2134 835 2186 predeunt:

340 2189 495 2240 Fulget
515 2190 665 2231 Crucis
684 2193 946 2243 mysterium,

289 2246 382 2296 Qua
402 2246 489 2287 vita
507 2251 692 2287 mortem
712 2248 901 2299 pertulit,

290 2302 345 2344 Et
362 2307 502 2343 morte
522 2302 653 2343 vitam
672 2304 864 2355 pretulit.

244 2366 347 2412 Quae
366 2366 591 2408 vulnerata
608 2366 773 2409 lanceae

290 2422 497 2464 Mucrene
517 2422 623 2472 diro,
644 2425 867 2467 criminum

291 2477 348 2519 Ut
367 2492 446 2520 nos
467 2479 629 2521 lavaret
648 2480 860 2531 serdibus

292 2534 481 2576 Manavit
500 2535 624 2585 unda,
644 2541 687 2578 et
707 2538 924 2589 sanguine.

1105 282 1283 335 Impleta
1301 287 1400 324 sunt
1420 294 1517 335 quae
1534 280 1724 322 cencinit

1149 339 1293 380 David
1310 338 1429 380 fideli
1449 337 1649 386 carmine,

1149 395 1346 438 Dicendo
1365 394 1627 436 natienibus:

1150 452 1366 504 Regnavit
1384 465 1410 493 a
1428 451 1546 503 ligno
1564 451 1696 492 Deus.

1106 517 1247 560 Arbor
1266 517 1426 559 decera
1446 521 1490 558 et
1508 514 1682 566 fulgida,

1151 575 1315 616 Ornata
1334 574 1447 625 regis
1466 575 1670 626 purpura,

1150 631 1301 673 Electa
1320 630 1451 681 digno
1471 629 1618 682 stipite

1151 688 1262 729 Tam
1281 692 1430 729 sancta
1449 685 1644 728 membra
1661 685 1851 736 tangere.

1105 753 1247 803 Beata,
1267 753 1386 804 cujus
1404 749 1596 793 brachiis

1151 809 1344 851 Pretium
1363 806 1573 861 pependit
1590 804 1749 855 saeculi,

1151 866 1323 908 Statera
1342 865 1457 906 facta
1479 862 1689 916 cerporis,

1153 923 1359 976 Tulitque
1377 920 1574 975 praedam
1591 917 1754 961 tartari.

1107 989 1143 1029 O
1161 989 1277 1030 Crux
1296 1000 1377 1029 ave
1394 998 1496 1039 spes
1514 985 1652 1034 unica,

1153 1046 1251 1088 Hoc
1269 1043 1487 1098 passienis
1505 1043 1704 1094 tempore

1152 1103 1239 1144 Piis
1259 1101 1428 1152 adauge
1447 1099 1640 1151 gratiam,

1154 1160 1346 1211 Reisque
1366 1156 1463 1199 dele
1482 1154 1672 1197 crimina.

1109 1224 1185 1274 Te,
1204 1224 1301 1266 fons
1321 1221 1472 1264 salutis
1490 1219 1691 1272 TrinitaS,

1154 1279 1384 1323 Collaudet
1402 1278 1542 1320 omnis
1561 1275 1751 1329 spiritus:

1153 1337 1319 1388 Quibus
1339 1335 1489 1377 Crucis
1507 1331 1735 1376 victeriam

1152 1394 1354 1446 Largiris,
1374 1391 1486 1434 adde
1505 1389 1743 1444 praemium.

1385 1448 1537 1490 Amen.

1135 1504 1185 1554 V·
1200 1511 1305 1564 Erip
1309 1524 1332 1552 e
1352 1523 1421 1551 me
1439 1508 1627 1550 Demine
1645 1505 1700 1548 ab
1719 1503 1896 1546 hemine

1076 1568 1203 1610 malo.
1237 1525 1305 1616 Rp
1300 1567 1339 1608 A
1358 1567 1453 1608 viro
1471 1565 1620 1616 iniquo
1639 1562 1757 1615 eripe
1775 1573 1857 1602 me

1135 1626 1206 1667 Ad
1225 1625 1397 1676 Magnis
1424 1624 1523 1665 Ant.
1544 1624 1639 1675 Ego
1665 1621 1804 1664 sum*
1822 1621 1896 1674 qui

1076 1685 1373 1728 testimenium
1398 1681 1607 1736 perhibeo
1633 1679 1688 1721 de
1713 1680 1896 1731 meipso:

1078 1747 1121 1784 et
1155 1740 1452 1783 testimenium
1487 1736 1688 1791 perhibet
1726 1734 1781 1776 de
1815 1747 1896 1784 me,

1079 1798 1152 1852 qui
1170 1798 1286 1839 misit
1303 1809 1373 1838 me
1391 1797 1533 1837 Pater.

1416 1858 1578 1899 Oratio

1164 1931 1382 1961 uaesumus
1398 1918 1674 1979 omnipotens
1688 1914 1820 1961 Deus,
1839 1911 1895 1952 fa-

1171 1975 1334 2017 miliam
1347 1979 1467 2016 tuam
1479 1971 1698 2025 propitius
1713 1967 1898 2035 respice:

1080 2038 1126 2075 ut
1158 2037 1202 2074 te
1241 2031 1468 2082 largiente,
1505 2029 1680 2080 regatur
1720 2026 1764 2066 in
1804 2025 1896 2066 cer-

1078 2102 1201 2143 pore:
1220 2094 1262 2131 et
1280 2093 1325 2130 te
1339 2088 1550 2135 servante,
1564 2080 1865 2126 custodiatur
1853 2093 1897 2122 ιιι

1078 2150 1235 2188 mente.
1261 2145 1345 2186 Per
1363 2142 1608 2184 Deminum.

1135 2204 1196 2237 Ab
1229 2204 1301 2237 hoc
1325 2203 1494 2237 Sabbato
1525 2211 1645 2245 usquc
1675 2201 1724 2235 ad
1752 2200 1902 2235 Feriam

1086 2252 1291 2286 secundam
1320 2258 1407 2294 post
1434 2250 1618 2284 Octaxum
1646 2249 1902 2291 Pentecostes,

1086 2311 1159 2333 non
1186 2300 1276 2333 fiunt
1295 2298 1686 2333 Commemoratione-s
1708 2302 1902 2331 consueta:

1086 2348 1131 2382 dc
1150 2349 1280 2384 Cruce,
1306 2347 1350 2381 de
1370 2349 1403 2381 S.
1423 2347 1551 2382 Maria
1579 2352 1614 2381 ct
1635 2346 1721 2380 aliie
1744 2346 1781 2379 in
1801 2345 1903 2379 Psal-

1085 2397 1180 2430 texio
1206 2396 1322 2439 posita
1324 2407 1353 2429 c.

1138 2448 1197 2482 Ad
1216 2448 1244 2481 C
1249 2449 1515 2491 ompletorium
1539 2448 1575 2481 in
1598 2448 1639 2491 R.
1658 2448 1710 2481 br.
1732 2457 1809 2480 non
1831 2445 1902 2479 dic.

1082 2501 1214 2537 Gleria
1241 2499 1355 2534 Patri.
1393 2497 1430 2530 in
1460 2496 1595 2531 Officio
1626 2494 1749 2530 feriali
1782 2504 1902 2537 usque

1087 2545 1134 2578 ad
1161 2545 1307 2579 leriam
1333 2545 1503 2587 quintini
1532 2545 1568 2578 in
1594 2545 1714 2579 Coena
1736 2542 1902 2576 Domini

917 2633 1191 2735 <eff-1>
