2028 2892
715 156 827 190 Fcria
851 156 962 191 tertia
987 156 1036 191 ad
1059 156 1295 192 Matutinum.

147 251 287 294 mine?
306 251 331 279 *
355 253 552 302 exserge,
578 255 622 293 et
646 264 700 293 ne
725 251 910 304 repellas
930 251 974 292 in

150 309 292 350 finem.

202 366 346 416 Quare
368 364 524 406 faciem
541 369 661 406 tuam
679 365 849 414 avertis,
865 365 888 390 *
899 364 973 406 ob-

148 421 360 463 livisceris
387 421 547 474 inopiae
572 426 747 470 nostrae,
776 426 819 463 et
840 421 973 463 tribu-

148 478 321 520 lati6nis
349 477 535 520 nostrae?

201 534 416 585 Queniam
447 533 672 576 humiliata
706 539 773 576 est
804 535 848 576 in
881 535 974 587 pul-

149 604 252 634 vere
271 591 415 632 anima
432 596 598 633 nostra:
611 591 635 616 *
654 591 974 641 conglutinatus

150 653 217 690 est
243 648 287 689 in
314 652 432 690 terra
459 652 612 689 venter
639 652 798 689 noster.

201 705 400 755 Exsurge
428 704 627 754 Domine,
656 704 811 756 adjuva
837 717 933 745 nos:
952 705 975 729 *

151 767 195 804 et
204 761 370 803 redime
383 774 465 802 nos
480 766 663 814 propter
674 773 833 802 nomen
842 766 975 803 tuum.

421 824 618 865 Psalmus
646 826 711 865 44.

236 873 425 916 ructavit
443 886 520 915 cor
538 885 684 915 meum
701 873 884 916 verbum
900 873 975 915 bo-

262 944 382 972 num:
392 931 416 957 *
427 929 526 972 dico
536 942 618 980 ego
627 932 762 983 opera
769 943 867 972 mea
873 931 976 981 regi.

202 988 371 1039 Lingua
401 999 499 1029 mea
527 986 719 1029 calamus
748 987 920 1037 scribae,
952 988 976 1013 *

151 1044 361 1087 velociter
389 1043 629 1085 scribentis.

202 1101 437 1154 Speciosus
470 1100 611 1142 forma
642 1113 736 1153 prae
768 1100 867 1141 filiis
901 1099 975 1141 ho-

148 1158 323 1208 minum,
352 1157 510 1199 diffusa
538 1161 604 1198 est
624 1156 764 1207 gratia
782 1157 826 1197 in
849 1156 975 1198 labiis

148 1215 250 1258 tuis:
264 1215 287 1240 *
298 1215 535 1267 propterea
555 1212 780 1256 benedixit
794 1218 839 1255 te
854 1213 974 1255 Deus

149 1272 193 1313 in
221 1273 443 1313 aeternum.

201 1329 445 1379 Accingere
473 1325 620 1378 gladio
654 1331 731 1368 tuo
759 1339 892 1379 super
919 1327 976 1368 fe-

149 1398 247 1427 mur
273 1390 408 1434 tuum,
435 1384 459 1410 *
486 1383 799 1436 potentissime,

201 1441 356 1494 Specie
383 1446 459 1482 tua
482 1444 526 1481 et
553 1438 874 1492 pulchritudine
902 1444 977 1481 tua

150 1499 174 1525 *
210 1496 403 1546 intende,
438 1498 652 1549 prospere
688 1496 896 1548 procede,
934 1501 977 1538 et

150 1567 296 1606 regna.

201 1612 391 1664 Propter
409 1610 650 1659 veritatem,
671 1614 715 1651 et
732 1612 977 1651 mansuetu-

153 1668 309 1718 dinem,
338 1672 381 1709 et
409 1666 629 1719 justitiam:
662 1666 685 1691 *
719 1671 762 1708 et
790 1665 979 1708 deducet

152 1730 197 1767 te
223 1723 479 1766 mirabiliter
507 1722 688 1765 dextera
714 1727 800 1765 tua.

205 1781 384 1832 Sagittae
401 1785 490 1822 tuae
505 1782 657 1829 acutae,
670 1779 824 1832 pepuli
837 1778 918 1820 sub
934 1783 978 1820 te

153 1837 321 1887 cadent,
337 1837 360 1863 *
370 1837 414 1878 in
425 1835 561 1878 corda
571 1836 844 1877 inimicorum
853 1835 979 1886 regis.

205 1893 342 1936 Sedes
361 1898 437 1935 tua
454 1893 575 1934 Deus
602 1893 645 1933 in
669 1892 877 1934 saeculum
901 1894 978 1932 sae-

154 1951 255 1992 culi:
282 1950 306 1976 *
333 1950 457 2001 virga
485 1949 735 1991 directionis
766 1949 889 1999 virga
915 1960 978 1989 re-

153 2007 226 2058 gni
251 2007 325 2049 tui.

205 2063 408 2105 Dilexisti
432 2061 648 2114 justitiam,
677 2066 721 2103 et
747 2060 879 2102 odisti
903 2061 978 2101 ini-

157 2120 382 2172 quitatem:
392 2119 416 2145 *
425 2120 663 2172 propterea
674 2117 796 2159 unxit
805 2122 849 2159 te
859 2117 979 2158 Deus

154 2177 274 2218 Deus
302 2181 402 2218 tuus
437 2175 535 2217 eleo
564 2174 727 2216 laetitiae
760 2187 852 2226 prae
880 2186 978 2215 con-

155 2232 346 2275 sortibus
373 2232 470 2274 tuis.

207 2288 395 2342 Myrrha,
424 2293 468 2330 et
494 2292 627 2338 gutta,
656 2292 699 2328 et
727 2285 844 2327 casia
866 2297 892 2326 a
909 2297 979 2326 ve-

156 2346 369 2388 stimentis
387 2345 484 2394 tuis,
502 2357 527 2385 a
543 2343 744 2385 domibus
764 2341 980 2384 eburneis:

155 2403 179 2428 *
197 2415 251 2444 ex
280 2402 436 2455 quibus
456 2401 783 2443 delectaverunt
806 2403 850 2440 te
878 2397 980 2438 filiae

156 2471 309 2510 regum
334 2459 378 2499 in
405 2458 573 2499 honore
600 2462 688 2498 tuo.

208 2515 360 2557 Astitit
392 2517 542 2565 regina
574 2526 600 2554 a
627 2512 791 2554 dextris
824 2510 910 2552 tuis
936 2510 980 2550 in

157 2574 318 2614 vestitu
336 2571 562 2613 deaurato:
580 2571 604 2595 *
624 2567 890 2611 circumdata
910 2579 979 2607 va·
996 2622 998 2627 Ι

157 2628 322 2670 rietate.

210 2684 327 2727 Audi
350 2684 448 2734 filia,
471 2688 514 2725 et
533 2682 643 2732 vide,
664 2686 707 2723 et
730 2679 887 2721 inclina
909 2691 980 2719 au-

1025 263 1119 292 rem
1136 255 1269 292 tuam:
1280 251 1303 276 *
1315 255 1358 292 et
1369 251 1625 294 obliviscere
1637 252 1848 305 pepulum

1025 311 1159 356 tuum,
1189 312 1232 348 et
1260 306 1437 349 domum
1462 309 1598 360 patris
1625 309 1698 350 tui.

1077 363 1134 404 Et
1149 366 1428 416 concupiscet
1446 365 1543 406 Rex
1562 364 1765 407 decorem
1784 370 1846 407 tu-

1026 433 1113 461 um:
1140 420 1164 445 *
1193 420 1397 472 quoniam
1424 420 1517 473 ipse
1544 426 1609 462 est
1635 421 1847 463 Dominus

1025 476 1146 518 Deus
1174 481 1285 525 tuus,
1314 481 1357 518 et
1384 476 1628 519 adorabunt
1656 491 1763 519 eum.

1078 533 1135 574 Et
1151 532 1252 573 fssiae
1272 533 1378 585 Tyri
1398 533 1441 581 in
1459 533 1706 575 muneribus
1720 535 1743 560 *
1759 534 1846 576 vul-

1025 594 1119 631 tum
1151 595 1274 631 tuum
1301 589 1664 642 deprecabuntur:
1698 603 1847 632 omnes

1027 645 1184 687 divites
1212 646 1363 698 plebis.

1081 702 1231 744 Omnis
1250 703 1388 753 gleria
1409 703 1498 754 ejus
1522 703 1622 744 ffliae
1641 703 1773 754 Regis
1793 703 1846 745 ab

1027 759 1152 808 intus,
1178 759 1202 784 *
1226 759 1269 799 in
1295 759 1475 801 fimbriis
1501 759 1642 801 aureis
1671 760 1846 801 circum-

1027 818 1185 857 amicta
1212 815 1504 858 varietatibus.

1079 871 1365 914 Adducentur
1393 872 1504 922 Regi
1530 872 1716 923 virgines
1748 877 1849 924 post

1029 941 1139 970 eam:
1149 929 1172 954 *
1182 928 1394 980 preximae
1412 929 1501 979 ejus
1517 928 1749 970 afferentur
1760 928 1848 970 tibi.

1080 984 1330 1026 Afferentur
1356 985 1400 1025 in
1418 984 1569 1026 laetitia
1597 989 1641 1026 et
1666 985 1847 1026 exsulta-

1027 1041 1159 1083 tione:
1194 1042 1217 1067 *
1252 1040 1521 1083 adducentur
1560 1041 1603 1082 in
1639 1040 1847 1093 templum

1028 1097 1173 1148 Regis.

1080 1154 1167 1195 Pro
1195 1153 1392 1206 patribus
1420 1154 1504 1195 tuis
1530 1154 1619 1195 nati
1646 1158 1745 1195 sunt
1771 1152 1848 1195 tibi

1028 1210 1120 1251 filii:
1139 1211 1162 1235 *
1182 1212 1419 1252 constitues
1442 1223 1517 1251 eos
1542 1210 1759 1262 principes
1782 1222 1847 1250 su-

1029 1279 1109 1319 per
1138 1279 1311 1308 omnem
1337 1271 1508 1308 terram.

1080 1323 1299 1364 Memores
1321 1328 1446 1365 erunt
1463 1322 1647 1364 nominis
1671 1322 1747 1363 tui:
1764 1322 1787 1347 *
1806 1322 1847 1362 in

1030 1379 1147 1421 omni
1162 1379 1440 1430 generatione
1459 1384 1502 1420 et
1517 1378 1848 1429 generationem.

1080 1436 1323 1488 Propterea
1349 1435 1501 1488 pepuli
1529 1434 1847 1476 confitebuntur

1028 1491 1108 1534 tibi
1134 1491 1178 1532 in
1205 1493 1431 1533 aeternum:
1454 1491 1477 1517 *
1502 1496 1545 1532 et
1571 1491 1614 1531 in
1642 1490 1847 1532 saeculum

1029 1547 1187 1590 saeculi.

1084 1606 1183 1647 Ant.
1211 1604 1439 1646 Eructavit
1473 1617 1548 1646 cor
1582 1616 1725 1645 meum
1756 1615 1847 1644 ver-

1030 1661 1134 1703 bum
1160 1661 1334 1703 bonum.

1085 1721 1183 1761 Ant.
1212 1716 1405 1769 Adjutor.

1298 1778 1494 1818 Psalmus
1522 1778 1586 1816 45.

1121 1843 1197 1873 eus
1223 1835 1371 1872 noster
1392 1828 1615 1879 refugium,
1637 1831 1681 1868 et
1699 1826 1848 1868 virtus:

1034 1832 1118 1937 D
1133 1888 1157 1913 *
1164 1886 1334 1938 adjutor
1342 1886 1385 1927 in
1395 1883 1742 1928 tribulatienibus
1751 1895 1847 1935 quae

1030 1944 1287 1986 invenerunt
1312 1955 1393 1983 nos
1419 1941 1556 1982 nimis.

1082 2001 1322 2052 Propterea
1354 2011 1442 2040 non
1473 1995 1718 2039 timebimus
1745 1993 1847 2035 dum

1030 2056 1276 2099 turbabitur
1291 2059 1423 2097 terra:
1439 2054 1463 2080 *
1479 2058 1522 2095 et
1539 2051 1846 2095 transferentur

1031 2117 1202 2155 montes
1229 2112 1272 2153 in
1300 2123 1376 2153 cor
1403 2109 1543 2151 maris.

1083 2170 1339 2217 Sonuerunt‚
1355 2171 1399 2208 et
1413 2165 1598 2208 turbatae
1614 2167 1712 2204 sunt
1722 2173 1846 2213 aquae

1032 2228 1198 2268 eerum:
1225 2225 1249 2251 *
1277 2221 1523 2265 conturbati
1554 2224 1652 2262 sunt
1677 2222 1847 2260 montes

1031 2282 1075 2323 in
1101 2279 1354 2323 fortitudine
1383 2279 1481 2330 ejus.

1084 2336 1292 2378 Fluminis
1318 2337 1503 2387 impetus
1531 2331 1722 2373 laetificat
1749 2329 1846 2371 civi-

1031 2396 1167 2436 tatem
1199 2392 1297 2434 Dei:
1330 2391 1354 2417 *
1390 2387 1674 2431 sanctificavit
1708 2385 1846 2428 taber-

1031 2449 1233 2491 naculum
1260 2459 1384 2489 suum
1410 2444 1666 2486 Altissimus.

1083 2510 1203 2551 Deus
1234 2509 1278 2549 in
1304 2505 1446 2547 medio
1476 2505 1580 2556 ejus,
1614 2516 1699 2545 non
1735 2514 1846 2543 com-

1031 2565 1291 2607 movebitur:
1314 2563 1337 2588 *
1361 2560 1580 2613 adjuvabit
1607 2572 1702 2601 eam
1728 2558 1847 2599 Deus

1032 2634 1158 2663 mane
1186 2617 1386 2661 dihiculo.

1086 2674 1364 2718 Conturbatae
1395 2677 1494 2714 sunt
1518 2671 1690 2719 GenteS,
1721 2673 1765 2711 et
1788 2668 1846 2708 in-
