2066 2956
603 186 708 220 Infra
733 186 921 220 Octavam
944 187 1213 221 Dedicationis
1240 187 1436 221 Ecclesiae.

390 301 440 340 In
465 300 516 339 ΙΙ.
543 299 767 339 Nocturno.

166 371 320 414 Sermo
346 373 485 414 sancti
511 371 746 422 Augustini
771 372 994 424 Episcopi.

321 440 438 475 Serm.
461 441 536 476 256.
562 441 609 475 de
632 441 833 485 Tempore.

464 507 617 548 Lectio
637 507 690 548 iv.

172 574 488 631 1÷21se1ebritas
528 574 654 626 hujus
695 575 993 626 congregatio-

176 684 179 686 *
198 632 275 689 [ἐφ
298 631 376 680 nis,
396 630 616 672 dedicatio
639 636 706 673 est
725 631 883 673 domus
900 644 994 672 ora-

171 687 191 709 “³
208 684 273 713 5
298 687 441 728 tionis.
482 687 653 729 Domus
687 701 792 739 ergo
825 690 994 729 nostra-

163 756 260 784 rum
280 744 527 785 orationum
545 744 645 794 ista,
671 744 828 786 domus
848 749 995 785 autem

163 799 248 841 Dei
277 812 359 840 nos
391 799 486 852 ipsi.
531 800 576 841 Si
610 799 766 842 domus
798 801 882 842 Dei
913 813 994 841 nos

162 855 258 908 ipsi,
277 868 359 897 nos
375 856 418 896 in
434 856 520 898 hoc
535 857 699 898 saeculo
714 857 995 906 aedificamur,

163 916 212 953 ut
235 912 280 952 in
298 912 384 953 fine
405 912 555 953 saeculi
575 912 838 954 dedicemur.
872 912 993 954 AEdi-

163 967 326 1018 ficium,
351 968 439 1009 imo
465 968 699 1010 aedificatio
723 969 858 1010 habet
876 968 995 1011 labo-

163 1037 270 1075 rem3
279 1023 499 1066 dedicatio
508 1025 857 1066 exsultationem.
865 1025 996 1075 Quod

162 1079 234 1121 hic
256 1079 406 1130 fiebat,
435 1080 612 1132 quando
637 1081 722 1122 ista
747 1081 995 1132 surgebant,

162 1135 249 1177 hoc
275 1136 326 1178 fit
356 1136 508 1187 modo,
540 1149 640 1178 cum
673 1139 995 1188 congregantur

166 1192 393 1234 eredentes
418 1193 463 1234 in
489 1192 721 1235 Christum.
762 1192 995 1234 Credendo

164 1249 294 1298 enim,
322 1249 447 1301 quasi
476 1248 531 1291 de
559 1249 679 1291 silvis
704 1254 748 1291 et
770 1248 994 1290 montibus

163 1304 279 1356 ligna
299 1310 342 1346 et
360 1305 531 1358 lapides
551 1305 866 1358 praeciduntur:
894 1318 995 1346 cum

162 1373 269 1402 vero
315 1360 659 1411 catechizantur,
703 1361 995 1414 baptizantur,

162 1417 422 1467 formantur,
449 1422 676 1469 tamquam
702 1418 816 1459 inter
840 1430 995 1458 manus

162 1472 389 1514 fabrorum
434 1478 478 1515 et
523 1474 732 1526 opificum
778 1472 995 1523 dolantur,

164 1529 468 1580 collineantur,
509 1529 856 1582 complanantur.
909 1529 995 1570 Ve-

162 1587 409 1627 rumtamen
432 1585 614 1627 domum
630 1585 811 1626 Domini
828 1598 917 1626 non
935 1585 995 1626 fa-

164 1641 293 1691 ciunt,
314 1642 399 1682 nisi
420 1641 596 1694 quando
617 1642 799 1683 caritate
820 1653 995 1694 compa-

163 1697 377 1748 ginantur.

194 1764 245 1816 R.
268 1766 505 1808 Orantibus
525 1766 569 1807 in
587 1766 701 1807 loco.
719 1765 826 1818 [136]

471 1845 625 1887 Lectio
646 1860 684 1886 v,

165 1902 332 2008 Egna
358 1914 442 1956 ista
470 1917 515 1955 et
540 1912 711 1966 lapides
737 1912 774 1953 si
798 1924 888 1953 non
912 1913 996 1954 sibi

250 1974 371 2011 certo
388 1969 540 2011 ordine
555 1969 838 2018 cohaererent,
854 1968 891 2009 si
906 1981 995 2010 non

165 2037 213 2066 se
237 2026 422 2078 pacifice
446 2026 738 2074 innecterent,
767 2024 804 2065 si
831 2037 920 2065 non
947 2037 995 2066 se

164 2082 362 2131 invicem,
382 2080 647 2122 cohaerendo
667 2079 760 2129 sibi,
786 2079 996 2132 quodam-

163 2136 298 2178 modo
319 2139 526 2186 amarent,
550 2148 679 2178 nemo
698 2135 784 2176 huc
802 2136 996 2177 intraret.

163 2193 366 2245 Denique
399 2192 575 2245 quando
607 2191 732 2233 vides
768 2192 813 2232 in
850 2191 998 2243 aliqua

164 2248 330 2290 fabrica
357 2248 528 2302 lapides
558 2253 601 2290 et
627 2247 745 2298 ligna
772 2247 886 2289 bene
913 2247 997 2289 sibi

165 2304 407 2355 cohaerere,
440 2307 620 2346 securus
643 2304 796 2354 intras,
828 2305 997 2344 ruinam

164 2372 252 2401 non
278 2362 420 2402 times.
456 2360 624 2402 Volens
652 2372 757 2411 ergo
781 2359 997 2400 Dominus

166 2416 364 2458 Christus
388 2417 567 2466 intrare,
593 2420 637 2457 et
659 2416 703 2456 in
727 2415 854 2456 nobis
879 2414 998 2456 habi-

164 2474 270 2522 tare,
289 2478 514 2526 tamquam
530 2471 793 2514 aedificando
810 2470 998 2512 dicebat:

165 2527 422 2570 Mandatum
455 2542 619 2570 novum
655 2527 713 2569 do
751 2526 894 2568 vobis:
938 2527 999 2567 Ut

166 2596 246 2624 vos
275 2585 462 2626 invicem
489 2584 691 2635 diligatis.
731 2582 998 2632 Mandatum,

166 2640 323 2692 inquit,
349 2653 513 2682 novum
542 2640 599 2681 do
629 2639 766 2681 vobis.
810 2638 998 2679 Veteres

168 2697 283 2738 enim
302 2697 450 2746 eratis,
478 2696 659 2738 domum
677 2695 783 2736 mihi
801 2693 998 2735 nondum

1046 284 1290 334 faciebatis,
1319 285 1363 325 in
1388 289 1536 326 vestra
1561 286 1686 326 ruina
1711 285 1879 337 jaceba-

1044 340 1113 381 tis.
1164 340 1284 392 Ergo
1321 345 1370 382 ut
1406 341 1620 383 eruamini
1656 354 1683 381 a
1718 346 1879 382 vestrae

1045 398 1182 438 ruinae
1193 399 1424 447 vetustate,
1435 410 1516 439 vos
1526 397 1713 439 invicem
1724 399 1880 439 amate.

1100 460 1151 512 Ri.
1168 461 1205 502 Ο
1227 475 1359 514 quam
1377 462 1650 504 metuendus.
1669 461 1774 514 [136]

1351 528 1505 569 Lectio
1525 528 1579 568 vi.

1122 592 1346 634 onsideret
1383 605 1487 643 ergo
1526 592 1685 634 caritas
1722 598 1881 644 vestra,

1139 648 1349 690 aedificari
1374 648 1518 690 adhuc
1542 649 1672 689 istam
1699 648 1879 690 domum

1046 709 1160 754 toto,
1189 705 1302 746 sicut
1330 704 1594 758 praedictum
1618 709 1686 746 est
1712 710 1755 747 et
1780 719 1880 758 pro-

1046 765 1239 811 missum,
1260 761 1369 803 orbe
1386 763 1615 803 terrarum.
1640 762 1750 803 Cum
1766 762 1881 803 enim

1048 818 1293 859 aedificatur
1326 817 1483 859 domus
1514 822 1618 869 post
1654 818 1881 870 captivita-

1048 879 1148 923 tem,
1169 874 1283 915 sicut
1301 873 1435 915 habet
1455 873 1565 914 alius
1583 874 1795 924 Psalmus,
1821 874 1881 916 di-

1049 931 1175 971 citur:
1212 930 1396 971 Cantate
1432 930 1625 971 Domino
1663 931 1882 972 canticum

1047 1000 1225 1028 novum:
1279 988 1453 1028 cantate
1498 987 1692 1028 Domino
1739 987 1882 1028 omnis

1048 1047 1177 1085 terra.
1231 1043 1362 1093 Quod
1393 1043 1454 1085 ibi
1486 1043 1612 1093 dixit,
1654 1043 1882 1084 Canticum

1046 1112 1226 1150 novum3
1260 1099 1344 1141 hoc
1367 1100 1585 1141 Dominus
1609 1099 1733 1149 dixit,
1763 1099 1882 1140 Man-

1048 1155 1200 1197 datum
1231 1168 1405 1197 novum.
1452 1155 1568 1206 Quid
1600 1156 1717 1196 enim
1748 1154 1883 1197 habet

1048 1212 1268 1253 canticum
1286 1225 1467 1262 novum,
1488 1212 1571 1253 nisi
1591 1213 1788 1253 amorem
1806 1224 1882 1253 no-

1047 1266 1172 1308 vum?
1217 1268 1406 1309 Cantare
1438 1267 1627 1309 amantis
1660 1272 1737 1309 est.
1778 1268 1882 1309 Vox

1046 1323 1173 1375 hujus
1205 1325 1415 1374 cantoris,
1459 1324 1607 1365 fervor
1643 1328 1711 1365 est
1741 1325 1882 1365 sancti

1047 1380 1220 1420 amoris.
1253 1381 1483 1430 Amemus,
1507 1380 1644 1431 gratis
1668 1381 1881 1421 amemus:

1047 1436 1286 1477 Dominum
1305 1437 1420 1477 enim
1440 1439 1648 1486 amamus,
1670 1448 1757 1487 quo
1774 1436 1881 1476 nihil

1047 1492 1202 1533 melius
1227 1493 1486 1534 invenimus:
1513 1493 1658 1545 ipsum
1684 1493 1880 1533 amemus

1046 1553 1229 1600 propter
1254 1549 1415 1600 ipsum,
1445 1553 1489 1590 et
1507 1561 1589 1589 nos
1614 1548 1657 1588 in
1674 1548 1790 1600 ipso,
1818 1554 1880 1590 ta-

1047 1617 1147 1646 men
1166 1609 1352 1657 propter
1370 1605 1527 1657 ipsum.

1101 1669 1152 1720 R.
1178 1670 1308 1710 Mane
1328 1683 1521 1721 surgens.
1549 1669 1654 1722 [136]

1261 1748 1310 1786 In
1338 1747 1409 1786 III.
1437 1747 1661 1786 Nocturno.

1049 1816 1202 1858 Lectio
1228 1817 1368 1858 sancti
1386 1816 1614 1868 Evangelii
1638 1817 1880 1858 secundum

1375 1873 1552 1914 Lucam.

1151 1937 1304 1978 Lectio
1324 1938 1393 1979 vii.
1599 1936 1702 1989 Cap.
1717 1937 1776 1977 19.

1046 1992 1123 2098 In
1146 1997 1222 2038 illo
1251 1999 1467 2050 tempore:
1496 1998 1728 2048 Ingressus
1751 1998 1777 2038 J
1779 2011 1880 2039 esus

1112 2053 1450 2105 perambulabat
1472 2053 1658 2095 Jericho.
1695 2054 1752 2094 Et
1777 2066 1879 2095 ecce

1047 2109 1114 2150 vir
1137 2110 1314 2151 nomine
1338 2110 1569 2151 Zachaeus:
1602 2114 1645 2151 et
1668 2109 1739 2150 hic
1763 2110 1879 2162 prin-

1049 2177 1154 2217 ceps
1169 2170 1263 2207 erat
1276 2166 1622 2218 publicanorum,
1642 2170 1686 2206 et
1704 2165 1800 2217 ipse
1820 2164 1879 2206 di-

1048 2233 1135 2261 ves.
1165 2221 1224 2263 Et
1241 2221 1421 2273 reliqua.

1115 2295 1182 2337 De
1208 2298 1403 2339 Homilia
1430 2298 1569 2339 sancti
1595 2297 1822 2339 Ambrosii

1354 2353 1576 2407 Episcopi.

1121 2415 1181 2449 Ex
1204 2415 1269 2450 lib.
1294 2416 1327 2449 8.
1353 2415 1392 2448 in
1415 2414 1517 2456 Luc„
1540 2423 1663 2456 prope
1688 2412 1811 2446 finem.

1055 2477 1244 2536 lf'sff-uae
1264 2477 1412 2513 autem
1430 2471 1575 2521 turba,
1600 2472 1683 2513 nisi
1706 2473 1879 2526 imperi-

1056 2537 1070 2581 *k
1078 2522 1136 2571 (Γ
1170 2570 1172 2576 ⁴
1188 2533 1247 2569 tae
1258 2527 1458 2569 confusio
1468 2527 1769 2579 multitudinis,
1781 2542 1880 2582 quae

1054 2591 1110 2605 *⁴
1158 2582 1172 2606 ³⁷¹
1189 2584 1400 2625 verticem
1440 2583 1592 2635 nequit
1628 2584 1779 2627 videre
1815 2598 1880 2627 sa-

1049 2638 1250 2691 pientiae?
1281 2640 1401 2690 Ergo
1427 2638 1642 2681 Zachaeus
1672 2640 1881 2692 quamdiu

1050 2695 1094 2735 in
1117 2695 1247 2737 turba
1274 2699 1357 2749 est,
1384 2707 1473 2737 non
1497 2695 1618 2737 videt
1644 2696 1882 2739 Christum:
