2066 2956
206 221 299 267 um]

703 269 958 320 PSALMI
993 267 1424 318 GRADUALES.

982 340 1140 358 —404—

265 390 452 424 Dicuntur
491 390 528 423 in
566 389 695 429 Quadi
699 388 883 431 agcsima,
923 387 1033 421 Feria

1135 383 1350 425 Dominus
1369 382 1589 426 custodiat
1603 383 1829 426 introitum
1846 389 1911 427 tu-

211 437 271 471 IV.
290 439 396 478 cuju
380 439 493 472 libet
517 437 793 473 Hebdonwdae
818 446 895 470 non
918 436 1034 478 impe·
1085 454 1174 491 um
1215 446 1259 483 et
1299 440 1463 483 exitum
1501 445 1642 482 tuum.
1677 441 1701 467 ια
1733 453 1788 482 ex
1827 440 1913 483 hoc

210 486 289 519 dim
325 487 456 529 ιιΙιῙιιι)
489 486 605 520 lusto
639 486 678 519 ix
710 485 950 519 Lectionum:
996 484 1032 516 in

210 535 237 565 (Ι
245 534 337 568 horo
384 541 469 568 ,uite
508 535 555 567 M
549 534 735 568 ututinum
779 533 876 570 diei:
927 537 1010 565 extr
1014 542 1034 565 ιι

210 583 237 615 t
244 582 377 616 hoium
402 593 473 625 pro
499 582 737 625 oppoltunitt
740 587 786 614 ιιι,Δ
812 580 1007 622 tcmpoiis.

263 630 416 665 Ριιιιιιι
403 631 571 674 quinque
590 630 639 663 l's
645 630 734 663 ιι1ιιιι
753 630 930 662 dicuntul
953 628 1034 661 sinc

209 677 342 714 Gloria
358 677 480 720 Patri;
509 679 577 713 scd
600 679 637 712 in
661 679 734 712 fine
753 677 876 711 ultimi
896 676 1036 710 <licitur

210 726 395 770 Ιιέᾳιιιειιι
411 726 602 760 aeternam.

264 777 502 821 Incipiuntur
519 778 694 811 ‘lbsolutc
714 776 795 809 sinc
814 775 899 809 Ant.

477 830 671 870 l'salmus
693 830 771 869 119.

215 888 344 940 qussg„
359 881 388 924 d
410 882 649 924 Dominum
676 893 775 922 cum
801 879 1035 922 tribularer

220 934 225 971 s
252 938 311 994 3²33
377 938 575 981 clamavi:
593 939 617 965 *
637 941 681 980 et
705 936 929 979 exaudivit
953 949 1034 978 me.

268 988 275 1000 ’
427 996 615 1037 Domine
660 993 798 1036 libera
847 993 1036 1035 animam

436 1053 609 1064 ''''
739 1051 827 1093 *et
845 1063 870 1092 a
888 1050 1035 1102 lingua

208 1109 374 1151 dolosa.

259 1165 374 1216 Quid
398 1165 526 1207 detur
549 1165 644 1215 tibi,
673 1170 747 1207 aut
771 1164 876 1217 quid
900 1176 1034 1217 appo-

207 1225 333 1264 natur
359 1222 439 1264 tibi
462 1222 486 1247 *
509 1221 567 1263 acl
594 1222 784 1273 linguam
813 1219 1034 1263 dolosam?

259 1279 438 1330 Sagittae
470 1279 664 1331 potentis
698 1281 857 1327 acutae,
884 1278 908 1304 *
936 1290 1036 1319 eum

208 1335 470 1378 carbonibus
491 1335 778 1377 desolatoriis,

259 1393 359 1434 Heu
386 1391 509 1441 mihi,
538 1392 640 1444 quia
666 1392 885 1433 incolatus
912 1403 1036 1432 meus

208 1448 496 1502 prolongatus
517 1453 599 1490 est:
622 1448 817 1490 habitavi
841 1460 940 1489 cum
962 1447 1034 1489 ha-

207 1505 448 1548 bitantibus
469 1504 625 1547 Cedar:
643 1505 668 1531 *
686 1504 870 1547 multum
892 1504 1036 1546 incola

208 1562 288 1604 fuit
307 1562 451 1603 anima
467 1574 576 1604 mea.

260 1619 368 1660 Cum
403 1618 488 1668 his,
531 1618 605 1671 qui
642 1617 829 1660 oderunt
865 1630 1036 1671 pacem,

209 1688 328 1717 eram
367 1675 592 1728 pacificus:
626 1675 650 1701 *
685 1687 784 1716 cum
823 1674 1037 1727 loquebar

209 1732 304 1782 illis,
322 1731 636 1784 impugnabant
653 1744 723 1774 me
742 1731 887 1783 gratis.

471 1793 668 1833 Psalmus
690 1793 779 1833 120.

213 1844 399 1951 Levavi
423 1844 577 1886 oculos
602 1857 726 1886 meos
744 1844 788 1885 in
806 1848 994 1894 montes,
1013 1846 1037 1873 *

322 1901 437 1943 unde
456 1901 601 1943 veniet
619 1900 825 1943 auxilium
843 1900 960 1942 mihi.

262 1957 485 1999 Auxilium
503 1971 648 1999 meum
668 1971 694 2000 a
706 1957 909 2007 Domino,
924 1957 947 1983 *
964 1958 1038 2010 qui

210 2014 312 2056 fecit
331 2013 493 2056 coelum
511 2019 554 2056 et
572 2020 744 2056 terram.

261 2071 364 2113 Non
403 2070 478 2112 det
515 2070 559 2111 in
593 2070 931 2112 commotionem
963 2083 1036 2123 pe-

208 2127 310 2169 dem
337 2132 477 2170 tuum:
504 2127 528 2153 *
556 2140 699 2180 neque
728 2127 935 2169 dormitet
964 2128 1038 2180 qui

211 2183 403 2226 custodit
420 2188 475 2226 te.

262 2241 379 2283 Ecce
396 2253 485 2282 non
505 2239 760 2282 dormitabit
778 2253 920 2293 neque
940 2240 1037 2283 dor-

210 2297 326 2347 miet,
344 2298 367 2324 *
391 2297 464 2350 qui
484 2296 676 2339 custodit
694 2296 842 2337 Israel.

263 2353 476 2395 Dominus
509 2353 702 2396 custodit
729 2358 789 2403 te,
822 2353 1037 2395 Dominus

210 2410 427 2461 protectio
443 2416 530 2459 tua,
546 2411 570 2436 *
590 2422 722 2463 super
739 2422 915 2451 manum
935 2409 1036 2452 dex-

211 2470 349 2507 teram
367 2471 498 2508 tuam.

263 2521 346 2563 Per
372 2522 486 2564 diem
514 2523 582 2565 sol
605 2536 692 2565 non
718 2527 814 2565 uret
839 2527 896 2565 te:
919 2524 943 2549 *
966 2536 1036 2564 ne-

214 2589 297 2628 que
316 2577 417 2619 luna
435 2592 514 2631 per
533 2585 718 2622 noctem.

263 2633 476 2676 Dominus
517 2636 709 2678 custodit
747 2642 791 2678 te
828 2635 882 2677 ab
920 2636 1037 2677 omni

212 2689 344 2730 malo:
372 2692 395 2716 *
431 2692 650 2734 custodiat
690 2693 878 2734 animam
917 2697 1036 2734 tuam

214 2745 437 2787 Dominus.

1085 510 1210 547 nunc,
1229 502 1273 540 et
1291 509 1431 550 usque
1450 497 1494 538 in
1513 497 1733 539 saeculum.

1359 568 1553 608 l'salmus
1575 569 1650 607 121.

1151 636 1310 676 aetatus
1343 647 1440 677 sum
1471 635 1516 676 in
1547 635 1632 686 his,
1669 649 1768 689 quae
1795 635 1915 678 dicta

1190 696 1290 734 sunt
1308 691 1428 733 mihi:
1441 691 1466 718 *
1480 692 1524 733 in
1543 691 1723 735 domum
1735 692 1915 735 Domini

1087 747 1256 790 ibimus.

1139 804 1314 847 Stantes
1340 811 1463 848 erant
1486 805 1625 859 pedes
1650 805 1803 856 nostri,
1824 805 1849 832 *
1870 805 1915 846 in

1088 861 1208 903 atriis
1226 861 1311 904 tuis
1330 862 1582 904 Jerusalem.

1138 918 1393 970 Jerusalem,
1413 932 1512 972 quae
1532 919 1777 962 aedificetur
1795 922 1844 960 ut
1858 920 1914 960 ci·

1087 974 1214 1017 vitas:
1241 975 1265 1001 *
1293 976 1413 1028 cujus
1442 976 1724 1030 participatio
1753 976 1844 1028 ejus
1870 975 1916 1016 in

1086 1030 1288 1084 idipsum.

1139 1088 1249 1131 Illuc
1288 1089 1403 1131 enim
1437 1088 1728 1132 ascenderunt
1762 1088 1915 1138 tribus,

1087 1145 1227 1187 tribus
1258 1146 1452 1188 Domini:
1478 1147 1503 1173 *
1530 1146 1828 1190 testimonium
1853 1145 1914 1187 Is-

1087 1201 1179 1267 rael
1213 1203 1271 1244 ad
1305 1203 1602 1246 confitendum
1634 1202 1800 1246 nomini
1826 1202 1914 1244 Do-

1087 1271 1202 1299 m1n1.

1141 1316 1252 1366 Quia
1278 1316 1366 1359 illic
1393 1316 1601 1360 sederunt
1629 1315 1758 1359 sedes
1785 1315 1830 1358 in
1857 1316 1915 1368 ju·

1089 1371 1216 1422 dicio,
1230 1373 1254 1399 *
1270 1372 1399 1415 sedes
1419 1387 1552 1427 super
1566 1372 1747 1416 domum
1760 1371 1916 1415 David.

1140 1428 1314 1481 Rogate
1340 1443 1439 1483 quae
1463 1430 1521 1472 ad
1545 1443 1701 1484 pacem
1725 1434 1826 1472 sunt
1848 1428 1916 1471 Je-

1088 1485 1293 1583 {usalem
1311 1487 1335 1514 *
1355 1492 1399 1530 et
1421 1486 1688 1530 abundanfia
1706 1485 1917 1539 diligenti-

1121 1555 1172 1583 us
1190 1547 1249 1585 te:

1142 1599 1240 1642 Fiat
1281 1613 1369 1653 pax
1410 1600 1454 1641 in
1493 1600 1654 1643 virtute
1689 1605 1778 1643 tua:
1813 1601 1838 1628 *
1873 1603 1917 1642 et

1090 1655 1358 1699 abundantia
1373 1656 1418 1698 in
1435 1657 1628 1699 turribus
1645 1657 1743 1700 tuis

1141 1712 1328 1766 Propter
1353 1713 1510 1756 fratres
1536 1726 1676 1764 meos,
1704 1718 1748 1756 et
1772 1711 1916 1766 proxi-

1090 1781 1187 1810 mos
1201 1781 1335 1820 meos,
1350 1770 1374 1795 *
1388 1769 1602 1822 loquebar
1616 1782 1773 1823 pacem
1787 1768 1843 1811 de
1857 1772 1917 1810 te:

1143 1825 1331 1878 Propter
1350 1826 1530 1868 domum
1547 1826 1727 1868 Domini
1739 1825 1824 1868 Dei
1842 1837 1916 1866 no-

1092 1882 1180 1933 stri,
1197 1884 1221 1910 *
1242 1883 1425 1935 quaesivi
1443 1882 1560 1925 bona
1579 1882 1669 1926 tibi.

1353 1946 1551 1988 Psalmus
1571 1947 1655 1987 122.

1168 2012 1198 2055 d
1223 2019 1268 2056 te
1295 2013 1438 2056 levavi
1466 2013 1618 2056 oeulos
1645 2027 1780 2064 meos
1798 2015 1822 2041 *

1217 2070 1390 2113 habitas
1408 2070 1452 2112 in
1470 2070 1604 2113 coelis.

1142 2127 1258 2169 Ecce
1284 2127 1397 2170 sicut
1421 2127 1538 2170 oculi
1563 2129 1807 2178 servorum,
1826 2126 1850 2153 *
1873 2126 1917 2168 in

1090 2183 1293 2226 manibus
1311 2183 1588 2226 dominorum
1607 2186 1796 2234 suorum,

1142 2240 1262 2282 Sicut
1295 2241 1412 2283 oculi
1445 2241 1615 2283 ancillae
1646 2241 1690 2281 in
1715 2240 1917 2282 manibus

1092 2295 1281 2338 dominae
1305 2310 1412 2339 suae:
1431 2299 1455 2325 *
1474 2298 1534 2340 ita
1559 2297 1674 2339 oculi
1697 2296 1836 2339 nostri
1860 2295 1917 2338 ad

1091 2353 1327 2395 Dominum
1363 2354 1505 2396 Deum
1542 2359 1740 2396 nostrum
1775 2352 1918 2395 donec

1091 2410 1350 2452 misereatur
1367 2411 1519 2453 nostri.

1142 2466 1351 2509 Miserere
1385 2467 1523 2509 nostri
1554 2466 1758 2517 Domine,
1791 2466 1916 2508 mise-

1090 2524 1188 2565 rere
1211 2523 1365 2565 nostri:
1383 2524 1407 2549 *
1427 2524 1529 2576 quia
1553 2522 1737 2565 multum
1760 2522 1917 2575 repleti

1090 2591 1240 2621 sumus
1260 2579 1560 2632 despectione:

1142 2635 1253 2687 Quia
1279 2635 1463 2678 multum
1491 2635 1658 2689 repleta
1682 2640 1748 2677 est
1772 2635 1918 2677 anima

1089 2697 1257 2734 nostra:
1285 2694 1308 2719 *
1337 2692 1624 2745 opprobrium
1661 2691 1916 2734 abundanti-

1089 2748 1182 2799 bus,
1203 2755 1246 2791 et
1265 2748 1491 2802 despectio
1511 2748 1722 2802 superbis.

1843 2013 1918 2066 qui
