2028 2892
693 163 788 196 lutra
817 167 998 197 (Manum
1029 165 1282 200 Ponit-coms.

125 257 311 309 alleluja,
345 257 525 310 aHeluja.
571 256 616 306 Y.
650 258 854 300 Omnium
885 266 953 302 est

126 313 239 355 enim
259 314 424 364 artifex,
445 326 618 356 omnem
637 314 803 356 habens
819 316 951 358 virtu-

125 374 230 419 tem,
263 370 406 411 omnia
437 371 723 423 prospiciens.
769 372 826 414 Et
856 372 951 414 hoc.

131 426 278 468 (iloria
298 426 427 468 Patri.
455 427 511 468 Et
529 427 624 468 hoc.

186 492 338 533 Hencd.
372 486 437 529 Ad
457 489 723 530 societatem.

428 558 579 597 Lectio
602 558 653 596 iii.

128 608 299 712 Disce
321 610 395 662 qui
414 610 594 661 jodicas,
621 611 863 661 ignoscere:
890 610 948 652 di-

219 678 292 707 sce
314 667 387 718 qui
407 679 523 717 aeger
543 679 606 716 es,
629 667 877 719 impetrare.
906 667 950 708 Si

124 723 321 773 gravium
361 725 644 775 peccatorum
683 722 843 765 diffidis
880 726 949 765 ve-

124 779 255 826 niam,
289 778 448 821 adhibe
479 783 750 832 precatores,
791 779 949 822 adhibe

124 835 384 885 Ecclesiam,
417 849 516 888 quae
548 849 630 889 pro
662 842 706 879 te
735 839 950 890 precetur

126 893 245 943 cujus
284 892 668 960 contemplatione
710 893 830 945 quod
871 894 978 937 tibi1

124 948 339 989 Dominus
363 951 524 1000 negare
547 955 714 1002 posset,
741 951 949 1000 ignoscat.

124 1004 181 1045 Et
223 1005 420 1057 quamvis
461 1005 656 1047 historiae
695 1005 827 1048 fidem
862 1020 948 1048 non

125 1060 362 1102 debeamus
382 1063 600 1112 omittere,
627 1067 676 1104 ut
700 1076 803 1104 vere
826 1077 948 1116 para-

123 1116 244 1169 lytici
266 1117 391 1159 istius
416 1131 576 1171 corpus
602 1118 832 1160 credamus
852 1132 949 1161 esse

121 1175 335 1215 sanatum:
362 1177 579 1225 cognosce
604 1181 750 1217 tamen
775 1176 948 1218 interio-

119 1230 177 1271 ris
198 1229 383 1272 hominis
404 1232 652 1281 sanitatem,
676 1233 745 1274 cui
764 1235 949 1286 peecata

119 1285 350 1329 donantur.
405 1288 515 1329 Cum
559 1288 701 1330 Judaei
747 1291 948 1331 asserunt

117 1345 301 1395 peccata
321 1356 346 1384 a
365 1344 461 1385 solo
481 1345 578 1386 Deo
600 1357 732 1397 posse
754 1346 948 1395 concedi,

119 1399 263 1441 Deum
278 1400 429 1453 utique
445 1413 544 1442 eum
560 1401 837 1443 confitentur:
857 1405 948 1443 suo·
1004 1422 1017 1438 ω

121 1468 205 1508 que
240 1455 400 1507 judicio
433 1455 663 1509 perfidiam
697 1470 818 1499 suam
847 1471 947 1510 pro·
1080 1460 1091 1479 ³
1111 1458 1122 1484 »ς

119 1511 244 1561 dunt,
266 1512 340 1564 qui
359 1524 470 1565 opus
491 1515 706 1564 astruunt,
732 1518 780 1555 ut
798 1516 946 1565 perso-

118 1581 221 1609 nam
238 1574 409 1619 negent.
465 1571 527 1611 'l'e
546 1570 700 1611 Deum.
720 1571 778 1611 15.

177 1632 244 1672 Ad
280 1634 435 1674 chcd.
482 1636 575 1674 Ant.
617 1635 734 1677 Dixit
756 1636 899 1688 Jesus:
922 1637 946 1663 *

118 1689 178 1731 Ut
197 1689 343 1731 sciatis
364 1695 519 1741 autem,
540 1691 641 1743 quia
655 1691 790 1733 Filius
810 1692 945 1734 homi-

118 1746 186 1787 nis
213 1746 348 1788 habet
375 1750 643 1800 potestatem
671 1749 714 1790 in
740 1754 858 1791 terra
886 1750 945 1792 di-

121 1802 322 1844 mittendi
354 1806 554 1856 peccata,
596 1806 656 1847 ait
687 1806 946 1859 paralytico:

121 1858 220 1900 Tibi
250 1858 366 1909 dico,
394 1873 537 1911 surge:
562 1861 669 1903 tolle
694 1862 856 1903 lectum
882 1868 945 1904 tu-

120 1927 210 1964 um,
240 1920 283 1957 et
310 1915 422 1957 vade
449 1916 492 1957 in
519 1917 698 1959 domum
723 1923 860 1969 tuam,
889 1920 945 1960 al-

120 1969 259 2022 leluja.

454 2027 463 2057 (
480 2024 586 2063 hilii(
598 2039 615 2061 ›.

120 2075 261 2179 Da
258 2082 506 2132 quaesumus
525 2082 735 2124 Ecclesiae
759 2088 847 2125 tuae
870 2085 945 2125 mi-

219 2136 406 2178 sericors
434 2138 569 2179 Deus:
598 2144 644 2181 ut
672 2146 823 2182 sancto
852 2141 911 2193 Sp
915 2143 944 2182 i-

120 2192 206 2233 ritu
225 2196 505 2244 congregata,
531 2194 679 2237 hostili
698 2196 944 2238 nullatenus

119 2248 365 2291 incursione
380 2250 590 2291 turbetur.
609 2253 693 2293 Per
707 2254 945 2294 D6minum

121 2336 128 2344 .
145 2337 152 2344 .
169 2337 176 2345 .
191 2305 234 2345 in
253 2306 419 2348 unitate
441 2307 634 2358 ejusdem
653 2309 850 2362 Spiritus.

172 2367 238 2406 sxd
268 2367 437 2414 hlaguifi
478 2369 570 2408 .xnt.
615 2371 846 2412 Paracfitus
874 2384 943 2412 au-

89 2444 92 2454 ·
119 2425 210 2463 tem
229 2422 252 2448 *
271 2422 456 2475 Spiritus
477 2430 666 2476 sanctus,
694 2439 823 2478 quem
850 2428 943 2468 mit—

119 2482 182 2518 tet
201 2479 330 2520 Pater
355 2480 398 2520 in
424 2481 598 2522 nomine
622 2495 740 2532 meo,
768 2482 839 2524 ille
863 2496 944 2524 vos

121 2533 296 2576 docebit
321 2536 482 2585 omnia,
519 2542 562 2578 et
588 2542 792 2589 suggeret
819 2538 943 2580 vobis

120 2591 279 2686 glrlnnia,
309 2596 595 2644 quaecumque
624 2594 777 2636 dixero
806 2594 942 2645 vobis,

179 2658 202 2686 6
219 2659 299 2697 ula.

1281 262 1308 298 S
1327 273 1352 298 a
1371 263 1397 298 b
1415 263 1440 299 b
1459 274 1485 298 a
1500 266 1516 298 t
1534 274 1559 299 o

1105 320 1139 363 Q
1156 330 1213 355 ιιιι
1230 324 1241 355 t
1258 331 1318 355 11⁴»
1335 330 1350 355 Γ
1398 318 1467 357 'l'c
1483 332 1519 356 m
1537 332 1599 367 pm
1616 333 1632 357 1·
1648 334 1667 358 u
1686 334 1734 358 ιη.

1064 377 1109 423 Y.
1141 380 1320 433 Repleti
1351 386 1451 422 sunt
1483 393 1635 422 omnes
1667 380 1829 433 Spiritu

1005 441 1175 486 sancto,
1208 437 1389 489 alleluia.
1442 440 1483 487 lq.
1513 438 1570 479 Et
1602 439 1830 490 coeperunt

1004 493 1136 545 loqui,
1156 493 1337 545 alleluja.

1065 555 1186 595 Pater
1205 559 1365 596 noster.

1064 614 1303 655 tmolum.
1338 620 1366 655 ,Χ
1386 615 1582 656 vinculis.

1065 676 1221 716 liencd.
1257 675 1509 727 Ilvangelica
1527 675 1669 716 lectio.

1011 746 1156 788 Lectio
1183 746 1322 787 sancti
1341 744 1566 795 Evangelii
1589 744 1829 786 secundum

1328 802 1504 845 Lucam.

1110 860 1303 900 lmcffimi.
1523 866 1611 912 Eup
1652 865 1727 910 lg.

1001 911 1077 1018 In
1096 916 1171 957 illo
1190 918 1404 968 tempore:
1423 916 1612 966 Surgens
1628 915 1652 956 J
1655 928 1754 956 esus
1775 915 1829 957 de

1076 975 1314 1025 synagoga,
1347 973 1542 1014 introivit
1573 972 1616 1012 in
1651 971 1829 1013 domum

1002 1029 1200 1070 Simonis.
1254 1029 1413 1071 Socrus
1459 1033 1605 1070 autem
1640 1028 1828 1069 Simonis

1002 1085 1233 1127 tenebatur
1256 1086 1423 1137 magnis
1448 1084 1653 1126 febribus.
1689 1085 1746 1126 Et
1766 1087 1827 1126 re-

1001 1142 1130 1194 liqua.

1120 1212 1302 1253 Ilomilia
1330 1211 1470 1253 sancti
1498 1210 1720 1252 Ambrosii

1304 1268 1527 1321 Episcopi.

1068 1329 1142 1362 li!
1172 1331 1347 1371 tino-111
1375 1331 1489 1363 lwclll
1496 1343 1536 1363 ι
1560 1332 1629 1364 ul
1652 1336 1716 1364 Ιιι]
1717 1343 1758 1364 m

1004 1402 1015 1421 η
1031 1381 1226 1465 ‘saggifflffle
1249 1382 1522 1423 clementiam
1541 1358 1719 1421 Domini
1738 1381 1826 1422 Sal-

1017 1438 1021 1442 ’
1074 1433 1149 1507 (Ἃ
1173 1439 1351 1480 vatoris:
1405 1451 1486 1479 nec
1532 1436 1827 1487 indignatione

1009 1502 1018 1515 ²
1048 1498 1068 1515 Υ·
1092 1490 1149 1520 ³⁷²³ss
1173 1497 1436 1543 commotus,
1464 1507 1545 1535 nec
1573 1493 1738 1535 scelere
1767 1494 1826 1535 of-

999 1550 1164 1601 sensus
1191 1564 1272 1592 nec
1297 1551 1452 1603 injuria
1476 1550 1665 1591 violatus
1684 1549 1825 1591 Judae-

1000 1620 1069 1647 am
1098 1607 1275 1649 deserit:
1309 1607 1411 1660 quin
1441 1607 1571 1648 etiam
1600 1609 1826 1648 immemor

998 1664 1180 1715 injuriae,
1217 1677 1386 1706 memor
1417 1663 1676 1713 clementiae,
1713 1676 1826 1704 nunc

999 1720 1213 1770 docendo,
1237 1733 1352 1762 nunc
1371 1720 1607 1769 liberando,
1626 1733 1741 1761 nunc
1761 1733 1824 1761 sa-

998 1777 1156 1827 nando,
1176 1777 1324 1819 infidae
1343 1777 1486 1830 plebis
1506 1776 1641 1818 corda
1661 1776 1823 1818 demul-

1001 1839 1081 1876 cet.
1114 1835 1171 1875 Et
1193 1834 1305 1876 bene
1329 1839 1505 1876 sanctus
1524 1834 1666 1875 Lucas
1685 1834 1826 1874 virum

998 1890 1053 1931 ab
1073 1891 1228 1943 spiritu
1247 1891 1453 1943 nequitiae
1472 1890 1706 1932 liberatum
1724 1895 1825 1931 ante

996 1947 1220 1999 praemisit,
1246 1952 1288 1989 et
1308 1946 1457 1989 subdit
1476 1947 1646 1988 feminae
1668 1947 1823 1988 sanita-

996 2008 1096 2045 tem.
1136 2003 1382 2057 Utrumque
1415 2004 1530 2045 enim
1557 2016 1709 2045 sexum
1737 2003 1823 2043 Do-

996 2060 1139 2101 minus
1179 2063 1406 2102 curaturus
1448 2059 1700 2101 advenerat:
1744 2058 1824 2100 sed

997 2116 1118 2168 prior
1138 2117 1282 2158 sanari
1301 2116 1463 2166 debuit,
1484 2116 1557 2168 qui
1573 2116 1691 2168 prior
1707 2117 1822 2156 crea-

998 2177 1069 2213 tus
1093 2178 1174 2223 est;
1202 2186 1283 2215 nec
1307 2172 1583 2226 praetermitti
1607 2171 1694 2220 illa,
1724 2184 1822 2224 quae

996 2228 1237 2271 mobilitate
1256 2229 1394 2280 magis
1414 2229 1559 2278 animi,
1580 2241 1709 2280 quam
1726 2241 1824 2280 pra-

997 2285 1132 2327 vitate
1152 2288 1424 2338 peccaverat.

1050 2347 1099 2397 R.
1131 2345 1307 2398 Repleti
1341 2350 1440 2386 sunt
1473 2357 1624 2386 omnes
1657 2344 1821 2397 Spiritu

997 2406 1164 2451 sancto,
1198 2407 1242 2443 et
1269 2403 1496 2453 coeperunt
1521 2400 1656 2452 loqui,
1689 2407 1822 2454 prout

995 2456 1181 2509 Spiritus
1206 2462 1382 2499 sanctus
1407 2456 1539 2498 dabat
1558 2457 1704 2510 eloqui
1722 2458 1820 2499 illis:

997 2515 1017 2536 ²*
1034 2513 1091 2554 Et
1106 2514 1310 2555 convenit
1323 2513 1557 2555 multitudo
1573 2513 1819 2563 dicentium,

995 2569 1176 2621 allehija.
1239 2567 1283 2616 δ”.
1329 2569 1643 2621 Loquebantur
1688 2572 1819 2612 variis

994 2625 1149 2676 linguis
1168 2625 1374 2678 Apostoli
1392 2626 1607 2677 magnalia
1626 2628 1720 2668 Dei.
1752 2628 1818 2670 Et.

1053 2687 1107 2725 Hc
1115 2700 1135 2724 n
1143 2687 1205 2725 cd.
1241 2687 1249 2723 1
1263 2686 1440 2727 >ivinum
1458 2687 1675 2729 auxilium.
