2028 2892
671 176 872 210 Dominicai
901 177 960 210 lv.
988 177 1311 218 Quadragcsimae.

135 270 342 321 pergeret
387 268 445 310 ad
485 268 743 318 videndum,
789 268 966 309 vocavit

137 337 238 366 eum
255 325 311 366 de
330 324 478 366 medio
497 324 606 374 rubi,
626 329 670 365 et
686 324 759 365 ait:
778 324 966 375 Moyses,

136 380 326 432 Moyses.
381 381 466 430 Qui
497 379 741 432 respondit:
785 379 966 421 Adsum.

137 436 198 477 At
215 435 304 477 ille:
326 436 395 478 Ne
413 436 668 489 appropies,
690 435 844 487 inquit,
866 435 966 476 huc:

137 491 260 533 solve
300 492 646 534 calceamentum
687 491 742 532 de
777 490 965 543 pedibus

136 547 238 589 tuis:
264 547 390 589 locus
410 548 540 598 enim,
567 548 611 588 in
637 559 724 600 quo
750 552 856 596 staS,
883 551 966 588 ter-

137 615 187 645 ra
223 608 375 645 sancta
411 609 489 646 est.
532 604 590 644 Et
626 604 701 644 ait:
736 603 833 653 Ego
870 615 968 643 sum

137 659 259 700 Deus
290 660 428 712 patris
459 659 540 709 tui,
578 659 701 700 Deus
732 657 967 707 Abraham,

137 715 260 757 Deus
283 716 425 766 Isaac,
460 721 503 757 et
525 716 646 756 Deus
665 714 815 755 Jacob.
857 714 967 755 Abs-

139 771 292 812 condit
318 772 497 824 Moyses
523 772 680 813 faciem
710 783 848 811 suam:
879 782 968 810 non

140 828 255 868 enim
311 827 503 869 audebat
561 829 760 880 aspicere
815 831 969 867 contra

137 883 292 924 Deum.

191 943 243 994 R.
266 940 463 981 Locutus
483 944 550 981 est
567 939 782 980 Dominus
803 938 859 979 ad
877 937 969 978 Mo-

138 1008 263 1047 ysen,
295 996 461 1038 dicens:
492 995 728 1037 Descende
760 995 805 1035 in
837 995 968 1045 AEgy-

138 1056 280 1104 ptum,
304 1058 347 1094 et
367 1052 438 1094 dic
455 1051 689 1101 Pharaoni,
706 1054 729 1078 *
750 1051 811 1092 Ut
830 1050 969 1091 dimit-

139 1112 205 1149 tat
223 1108 438 1161 populum
455 1121 616 1149 meum:
635 1106 887 1148 induratum
904 1110 971 1147 est

140 1176 218 1205 cor
237 1164 494 1205 Pharaonis:
518 1176 608 1205 non
631 1163 725 1204 vult
750 1162 970 1203 dimittere

137 1220 353 1272 populum
370 1233 528 1269 meum,
545 1219 629 1260 nisi
647 1219 691 1259 in
710 1231 842 1259 manu
857 1218 970 1259 forti.

140 1272 192 1324 ΥΤ.
214 1276 390 1318 Clamor
411 1276 602 1317 filiorum
620 1275 758 1316 Israel
777 1274 896 1316 venit
915 1273 971 1315 ad

139 1344 221 1382 me,
231 1332 409 1384 vidique
420 1331 704 1373 afflictionem
715 1333 881 1372 eorum:
893 1329 971 1371 sed

140 1387 251 1438 veni,
268 1388 441 1429 mittam
459 1393 504 1429 te
523 1387 581 1428 ad
594 1387 880 1428 Pharaonem.
902 1386 971 1427 Ut.

453 1443 606 1485 Lectio
628 1443 667 1483 ii.

217 1500 262 1541 ui
293 1500 354 1542 ait
379 1500 609 1541 Dominus:
639 1498 746 1540 Vidi
775 1498 971 1539 afflictio-

228 1568 329 1597 nem
348 1555 503 1608 populi
521 1555 609 1596 mei
626 1555 671 1595 in
690 1555 902 1607 AEgypto,
929 1558 972 1595 et

144 1613 382 1654 clamorem
405 1612 497 1663 ejus
522 1611 670 1653 audivi
693 1615 878 1663 propter
898 1609 972 1651 du-

142 1668 287 1709 ritiam
320 1668 474 1709 eorum
506 1668 581 1719 qui
606 1670 804 1719 praesunt
832 1665 973 1718 operi-

143 1723 241 1766 bus:
276 1727 320 1765 et
353 1723 496 1765 sciens
529 1723 728 1764 dolorem
760 1722 868 1773 ejus,
901 1721 972 1763 de-

145 1779 296 1821 scendi
327 1784 376 1820 ut
406 1779 591 1821 liberem
625 1791 726 1820 eum
758 1778 812 1819 de
840 1778 974 1818 mani-

144 1835 229 1878 bus
258 1835 587 1888 AEgyptiorum,
626 1839 670 1876 et
702 1833 887 1875 educam
920 1832 975 1874 de

146 1896 265 1933 terra
283 1891 358 1933 illa
376 1892 420 1932 in
439 1896 603 1933 terram
622 1890 794 1940 bonam,
817 1894 861 1930 et
879 1901 974 1941 spa-

146 1948 323 1996 tiosam,
351 1947 395 1987 in
422 1951 586 1988 terram
614 1958 713 1998 quae
740 1945 835 1986 fluit
862 1944 976 1985 lacte

148 2008 193 2044 et
209 2002 350 2052 melle,
369 2002 426 2044 ad
444 2002 543 2044 loca
561 2001 807 2050 Chananaei,
829 2004 872 2041 et
890 2000 976 2040 He-

148 2058 272 2108 thaei‚
305 2063 350 2100 et
375 2057 641 2107 Amorrhaei,
673 2061 716 2098 et
741 2055 977 2104 Pherezaei,

150 2118 194 2156 et
217 2114 390 2165 Hevaei,
415 2118 460 2156 et
477 2114 502 2155 J
505 2112 680 2155 ebusaei.
715 2112 889 2153 Clamor
913 2123 976 2152 er-

149 2182 206 2221 go
224 2169 415 2211 filiorum
433 2169 572 2210 Israel
590 2168 709 2210 venit
732 2166 789 2208 ad
810 2179 895 2208 me:
918 2166 977 2206 vi-

151 2225 284 2278 dique
309 2225 591 2266 afflictionem
616 2226 785 2272 eorum,
812 2235 898 2274 qua
921 2221 976 2262 ab

151 2282 374 2334 AEgthiis
399 2281 719 2334 opprimuntur.
757 2278 845 2320 Sed
868 2277 978 2326 veni,

152 2340 196 2378 et
226 2337 398 2379 mittam
429 2341 474 2378 te
509 2335 566 2377 ad
598 2335 891 2382 Pharaonem,
929 2337 979 2373 ut

153 2392 315 2434 educas
325 2392 539 2445 populum
547 2403 703 2440 meum,
716 2390 831 2431 filios
842 2388 978 2430 Israel
1036 2404 1042 2444 Li
1056 2407 1070 2449 ².
1086 2403 1153 2445 γε

153 2447 208 2489 de
228 2449 436 2500 AEgypto.

203 2504 255 2554 Rt·
282 2504 413 2545 Stetit
438 2503 618 2555 Moyses
646 2514 796 2543 coram
819 2500 978 2540 Phara·

156 2561 255 2608 one,
281 2564 325 2601 et
344 2559 468 2600 dixit:
493 2559 604 2599 Haec
623 2557 729 2599 dicit
747 2555 979 2597 Dominus:

152 2614 175 2638 *
203 2615 387 2656 Dimitte
411 2613 623 2667 populum
651 2625 812 2671 meum,
842 2615 891 2651 ut
915 2621 979 2649 sa-

155 2670 322 2712 crificet
343 2670 451 2711 mihi
473 2671 518 2710 in
542 2669 730 2711 deserto.
761 2663 811 2709 V·
831 2664 980 2706 Domi-

309 2811 373 2836 Pars
389 2812 483 2837 Verna.

1017 280 1100 308 nus
1116 268 1236 309 Deus
1251 269 1541 312 Hebraeorum
1560 272 1677 313 misit
1696 286 1766 314 me
1786 273 1842 314 ad

1018 328 1074 373 te,
1095 323 1255 365 dicens.
1282 325 1475 367 Dimitte.

1323 390 1471 429 Lectio
1494 390 1545 428 iii.

1108 440 1274 492 ixitque
1292 441 1467 493 Moyses
1486 443 1542 484 ad
1555 444 1711 485 Deum:
1735 445 1843 494 Quis

1132 509 1229 536 sum
1263 509 1360 547 ego,
1392 502 1440 539 ut
1466 498 1623 540 vadam
1651 500 1707 541 ad
1733 500 1841 541 Pha-

1019 553 1221 601 raonem,
1258 557 1302 593 et
1338 552 1522 594 educam
1558 554 1670 596 filios
1706 556 1843 596 Israel

1021 607 1077 648 de
1096 607 1314 660 AEgypto?
1339 609 1423 658 Qui
1443 609 1553 651 dixit
1572 611 1624 651 ei:
1651 612 1746 661 Ego
1768 623 1842 653 ero

1020 667 1180 704 tecum:
1193 669 1236 704 et
1245 663 1330 705 hoc
1340 664 1522 706 habebis
1533 666 1713 716 signum,
1726 667 1844 719 quod

1020 719 1213 760 miserim
1241 724 1299 761 te:
1333 720 1441 761 Cum
1476 721 1678 763 eduxeris
1707 725 1844 775 popu-

1020 774 1110 815 lum
1129 787 1274 816 meum
1293 775 1348 817 de
1368 777 1579 829 AEgypto,
1599 778 1844 819 immolabis

1020 831 1119 872 Deo
1141 844 1273 883 super
1290 837 1485 874 montem
1504 833 1645 874 istum.
1665 834 1741 875 Ait
1755 835 1844 875 Mo-

1021 898 1122 938 yses
1155 886 1212 927 ad
1238 887 1396 928 Deum:
1429 889 1546 930 Ecce
1578 901 1659 940 ego
1688 889 1845 931 vadam

1023 941 1080 983 ad
1098 942 1213 983 filios
1232 943 1379 993 Israel,
1399 948 1442 984 et
1462 944 1603 985 dicam
1624 945 1701 986 eis:
1726 946 1845 987 Deus

1023 1002 1196 1050 patrum
1237 1001 1483 1040 vestrorum
1524 1001 1642 1042 misit
1682 1014 1752 1043 me
1789 1001 1846 1042 ad

1023 1066 1115 1094 vos.
1159 1054 1204 1094 Si
1241 1053 1428 1096 dixerint
1461 1056 1582 1096 mihi:
1620 1056 1748 1107 Quod
1781 1062 1846 1098 est

1023 1122 1183 1151 nomen
1203 1108 1317 1161 ejus?
1339 1111 1445 1162 quid
1463 1111 1607 1152 dicam
1625 1112 1707 1153 eis?
1726 1113 1848 1153 Dixit

1023 1166 1145 1207 Deus
1184 1166 1240 1207 ad
1266 1166 1464 1218 Moysen:
1510 1168 1604 1218 Ego
1643 1182 1739 1209 sum
1775 1170 1847 1220 qui

1025 1235 1131 1263 sum.
1177 1222 1268 1263 Ait:
1307 1223 1378 1264 Sic
1411 1223 1531 1265 dices
1563 1224 1664 1265 filiis
1697 1225 1847 1266 Israel:

1025 1278 1110 1328 Qui
1129 1282 1205 1327 est,
1222 1278 1340 1320 misit
1358 1292 1428 1320 me
1448 1279 1504 1320 ad
1523 1293 1612 1321 vos.
1639 1281 1847 1333 Dixitque

1024 1337 1181 1375 iterum
1204 1335 1325 1375 Deus
1350 1335 1407 1376 ad
1430 1335 1626 1387 Moysen:
1654 1337 1765 1377 Haec
1789 1336 1847 1378 di-

1025 1403 1098 1431 ces
1117 1390 1216 1430 filiis
1236 1391 1387 1431 Israel:
1403 1391 1619 1432 >Dominus
1634 1393 1754 1433 Deus
1773 1406 1845 1444 pa-

1024 1450 1139 1487 trum
1170 1448 1434 1495 vestrorum,
1464 1447 1585 1488 Deus
1613 1447 1847 1497 Abraham,

1025 1502 1145 1543 Deus
1168 1502 1311 1551 Isaac,
1340 1506 1383 1543 et
1404 1503 1524 1543 Deus
1549 1503 1703 1553 Jacob,
1731 1504 1848 1544 misit

1025 1570 1095 1598 me
1114 1557 1172 1598 ad
1190 1571 1284 1598 vos:
1310 1557 1395 1599 hoc
1416 1571 1575 1600 nomen
1593 1558 1698 1599 mihi
1722 1563 1787 1600 est
1805 1559 1848 1599 in

1026 1615 1248 1662 aeternum,
1267 1618 1311 1655 et
1331 1613 1415 1654 hoc
1433 1614 1686 1655 memoriale
1704 1627 1848 1655 meum

1026 1669 1070 1710 in
1095 1670 1422 1720 generationem
1445 1674 1488 1710 et
1513 1671 1848 1721 generationem.

1082 1728 1132 1779 R».
1162 1725 1396 1766 Cantemus
1422 1726 1628 1766 Domino:
1660 1725 1849 1777 gloriose

1027 1781 1142 1822 enim
1169 1780 1484 1822 honorificatus
1512 1786 1593 1831 est,
1622 1794 1781 1833 equum
1807 1785 1850 1822 et

1028 1839 1307 1877 ascensorem
1323 1837 1508 1888 projecit
1525 1837 1569 1877 in
1584 1849 1717 1877 mare:
1732 1834 1848 1877 *Ad-

1028 1892 1143 1943 iutor
1171 1897 1215 1933 et
1240 1893 1466 1944 protector
1490 1892 1630 1933 factus
1656 1897 1722 1933 est
1746 1891 1849 1932 mihi

1027 1948 1120 1987 Dfis
1140 1947 1182 1987 in
1202 1948 1397 1989 salutem.
1430 1942 1480 1993 Y.
1496 1948 1710 1988 Dominus
1726 1946 1848 1999 quasi

1028 2003 1094 2043 vir
1121 2005 1356 2054 pugnator,
1388 2005 1665 2055 omnipotens
1692 2014 1848 2043 nomen

1030 2059 1131 2109 ejus.
1158 2058 1356 2111 Adjutor.
1389 2059 1550 2100 Gloria.
1575 2057 1772 2109 Adjutor.

1263 2137 1311 2175 In
1330 2136 1380 2175 II.
1400 2135 1619 2174 Nocturno.

1105 2203 1258 2243 Sermo
1287 2201 1426 2242 sancti
1451 2199 1601 2240 Basilii
1626 2197 1783 2249 Magni.

1124 2266 1265 2299 Homil.
1285 2265 1312 2298 1.
1331 2264 1377 2297 dc
1394 2261 1545 2305 jejunio,
1564 2262 1647 2292 ante
1667 2256 1763 2290 med.

1332 2322 1482 2362 Lectio
1505 2321 1556 2358 iv.

1177 2391 1324 2440 oysen
1343 2399 1422 2440 per
1437 2385 1636 2437 jejunium
1650 2386 1850 2426 novimus

1039 2440 1079 2492 ἒξ»
1103 2440 1149 2495 ῑῗιῖ,
1205 2444 1249 2484 in
1274 2447 1466 2484 montem
1491 2440 1756 2482 ascendisse:
1781 2454 1851 2482 ne-

1144 2509 1152 2511 “
1209 2511 1292 2550 que
1311 2497 1424 2538 enim
1439 2496 1564 2537 aliter
1578 2508 1709 2537 ausus
1725 2501 1851 2545 esset,

1030 2554 1239 2595 verticem
1257 2553 1494 2593 fumantem
1511 2550 1642 2600 adire,
1659 2557 1790 2602 atque
1809 2552 1851 2591 in

1032 2609 1259 2659 caliginem
1278 2605 1461 2658 ingredi,
1486 2606 1569 2646 nisi
1587 2607 1743 2658 jejunio
1763 2619 1851 2647 mu-

1032 2667 1158 2705 nitus.
1176 2664 1261 2704 Per
1277 2661 1480 2713 jejunium
1493 2661 1700 2702 mandata
1716 2661 1851 2711 digito

1583 2789 1649 2822 12⁸
