2028 2892
167 184 237 219 284

170 280 367 333 eripuisti
411 280 607 331 casibus,
651 281 825 332 gaudiis
866 282 1001 323 facias

169 337 335 389 perfrui
362 337 652 389 sempiternis.
685 338 770 379 Per
797 338 1001 379 eumdem

169 393 416 434 Dominum.

221 457 265 490 Et
291 458 330 490 iit
355 466 552 491 commem.
580 458 626 491 cle
652 458 783 492 Cruce.
811 454 886 489 275.

441 514 509 550 Ad
529 513 733 550 Tertiam.

223 574 361 625 Capit.
399 570 642 613 Carissimi:
675 570 875 611 Christus
904 582 1001 623 pas-

169 639 243 668 sus
263 631 340 668 est.
357 635 405 670 ut
426 643 568 681 supra.
591 628 685 667 283.

221 691 268 742 K.
295 690 357 730 br.
389 687 588 728 Surrexit
612 686 829 728 Dominus
858 686 913 727 de
938 699 1002 728 se-

168 742 371 795 pulchro,
396 749 419 772 *
448 743 652 794 Alleluia,
681 742 864 794 alleluia.
903 743 1001 783 Sur-

167 799 292 840 rexit.
333 799 381 849 YV.
412 799 497 849 Qui
522 812 605 851 pro
632 799 760 840 nobis
787 798 1002 851 pependit

168 856 213 896 in
236 855 366 906 ligno.
402 854 605 906 Alleluia,
631 855 813 906 alleluia.
847 854 1000 897 Gloria

168 912 314 953 Patri:
337 911 545 952 Surrexit.

219 971 269 1021 V.
298 972 495 1013 Surrexit
513 971 730 1012 Dominus
754 984 874 1021 vere,
900 971 1001 1013 alle-

167 1028 265 1079 luia.
297 1032 346 1083 R·.
383 1028 440 1069 Et
465 1028 671 1080 apparuit
693 1027 875 1078 Simoni,
901 1027 999 1069 alle-

167 1084 264 1125 lu'a.

214 1098 225 1136 J
448 1136 516 1171 Ad
539 1134 726 1172 Sextam.

245 1194 505 1246 Capitulum.
656 1199 683 1237 l.
698 1198 813 1239 Petr.
828 1198 864 1238 2.
881 1199 920 1239 d.

169 1248 433 1355 Tradebat
460 1258 607 1295 autem
633 1253 842 1305 iudicanti
868 1267 915 1296 se
941 1254 1002 1295 in-

265 1310 394 1361 juste:
423 1310 496 1361 qui
520 1312 705 1362 peccata
730 1314 884 1351 nostra
907 1311 1003 1363 ipse

169 1366 351 1418 pertulit
381 1366 425 1406 in
457 1367 645 1418 corpore
680 1378 760 1407 suo
795 1379 928 1419 super
955 1366 1003 1407 li-

169 1434 318 1473 gnum:
342 1426 391 1463 ut
409 1422 605 1474 peccatis
624 1422 802 1472 mortui,
826 1423 1003 1474 justitiae

169 1478 384 1519 vivamus:
400 1479 523 1530 cujus
533 1478 672 1519 livore
686 1479 830 1519 sanati
842 1492 1003 1520 sumus.

219 1540 269 1592 K.
290 1540 350 1580 br.
384 1539 582 1580 Surrexit
600 1538 818 1579 Dominus
837 1552 956 1589 vere,
976 1545 999 1570 *

170 1594 376 1646 Alleluia,
404 1594 586 1646 alleluja.
623 1595 831 1636 Surrexit.
869 1595 920 1647 W.
947 1596 1005 1637 Et

171 1651 376 1703 apparuit
395 1651 572 1692 Simoni.
600 1650 800 1702 Alleluia,
821 1650 1004 1703 aHeluja.

169 1706 325 1747 Gloria
343 1707 476 1747 Patri.
503 1706 711 1747 Surrexit.

220 1764 268 1813 Y.
293 1767 446 1808 Gavisi
465 1771 566 1807 sunt
585 1766 800 1818 discipuli,
821 1767 1004 1819 alleluja.

168 1824 217 1874 R.
249 1823 356 1865 Viso
375 1823 580 1872 Domino,
599 1822 783 1873 alleluja.

453 1891 521 1927 Ad
544 1892 729 1928 Nonam.

247 1948 506 1999 Capitulum.
655 1956 683 1993 1.
700 1955 813 1995 Petr.
828 1956 864 1993 2.
881 1954 920 1994 d.

168 2002 360 2107 Eratis
385 2009 499 2051 enim
525 2009 639 2050 sicut
663 2021 771 2050 oves
796 2010 1003 2059 errantes,

271 2064 351 2107 sed
372 2065 573 2107 conversi
593 2065 698 2106 estis
717 2078 832 2106 nunc
854 2064 911 2106 ad
930 2078 1004 2117 pa-

171 2123 356 2171 storem,
390 2127 434 2163 et
467 2123 728 2173 episcopum
760 2121 1003 2162 animarum

170 2179 427 2219 vestrArum.

224 2239 270 2290 14.
288 2238 349 2278 br.
372 2238 523 2279 Gavisi
538 2241 639 2279 sunt
656 2237 871 2289 discipuli,
887 2243 908 2265 *
930 2238 1003 2278 Al-

169 2293 310 2345 leluia,
325 2293 507 2344 alleluja.
530 2294 692 2334 Gavisi.
716 2291 765 2342 Ψ.
788 2293 898 2335 Viso
913 2293 1000 2334 Do-

170 2349 300 2390 mino.
355 2349 565 2401 Alleluia,
611 2348 793 2400 alleluia.
847 2348 1000 2391 Gloria

169 2404 301 2446 Patri.
339 2405 501 2447 Gavisi.

222 2463 271 2510 Υ.
299 2466 429 2507 Mane
454 2465 685 2507 nobiscum
709 2466 915 2516 Domine,
944 2467 1003 2508 al-

170 2519 309 2616 lcflulja.
339 2522 388 2572 liu
425 2522 642 2572 Quoniam
661 2521 1002 2574 advesperascit,

171 2588 195 2615 a
231 2589 254 2617 e
273 2578 352 2629 uia.

403 2645 483 2685 Ad
502 2646 768 2695 vesperas.

221 2699 309 2733 Ant.
336 2703 371 2733 ct
396 2699 457 2734 Ps.
484 2701 530 2736 de
554 2702 771 2737 Dominica.
796 2702 874 2738 107.

564 188 665 222 Infra
692 188 988 223 Ilcbdomadam
1016 188 1052 222 ii.
1078 192 1168 231 post
1192 187 1273 222 Oct.
1299 189 1471 223 Paschae.

1106 285 1244 337 Capit.
1274 285 1506 326 Carissimi.
1533 286 1628 326 283.

1106 347 1317 398 Hymnus.
1351 346 1419 387 Ad
1439 346 1583 397 regias
1603 346 1731 396 Agni.
1758 347 1844 387 110.

1106 403 1157 453 V.
1185 406 1315 447 Mane
1339 406 1572 448 nobiscum
1594 406 1802 457 Domine,
1829 406 1886 448 al-

1055 460 1194 558 lcflulia.
1226 466 1277 517 R.
1309 462 1526 513 Quoniam
1545 462 1886 517 advesperascit,

1055 530 1080 558 a
1115 529 1139 559 e
1157 518 1237 569 uia.

1106 585 1178 626 Ad
1193 585 1367 636 Magnis.
1385 587 1485 627 Ant.
1503 586 1600 636 Ego
1620 597 1717 625 sum
1733 588 1888 637 pastor

1054 637 1214 688 bonus,
1237 639 1261 664 *
1289 638 1363 691 qui
1387 652 1524 691 pasco
1550 653 1657 682 oves
1680 652 1818 689 meas,
1843 644 1888 682 et

1055 707 1137 746 pro
1158 694 1315 736 ovibus
1331 696 1440 737 meis
1456 709 1577 749 pono
1597 696 1786 737 animam
1799 708 1886 738 me-

1055 763 1137 801 am,
1157 750 1340 803 alleluja.

1106 816 1314 852 Commem.
1342 817 1389 851 dc
1415 817 1547 852 Cruce.
1573 816 1648 852 275.

1227 933 1402 969 Feria
1437 933 1719 970 Secunda.

1150 994 1218 1034 De
1246 992 1433 1034 Actibus
1459 992 1792 1045 Apostolorum.

1175 1063 1329 1105 Lectio
1357 1065 1381 1104 i.
1523 1064 1626 1117 Cap.
1645 1065 1704 1105 15.
1724 1065 1764 1107 b.

1058 1124 1390 1164 urrexerunt
1430 1127 1578 1164 autem
1615 1122 1796 1174 quidam
1832 1122 1888 1164 de

1060 1166 1061 1170 =
1075 1161 1108 1174 κ’

1061 1173 1124 1224 Q)
1146 1178 1307 1220 haeresi
1334 1178 1671 1231 pharisaeorum,
1700 1179 1776 1231 qui
1799 1191 1889 1220 cre-

1056 1234 1283 1284 diderunt,
1317 1234 1533 1276 dicentes:
1570 1235 1683 1285 Quia
1712 1236 1891 1287 oportet

1056 1291 1309 1332 circumcidi
1329 1303 1421 1341 eos,
1445 1293 1690 1343 praecipere
1711 1303 1889 1343 quoque

1057 1350 1234 1389 servare
1271 1347 1415 1398 legem
1452 1347 1607 1399 Moysi.
1667 1347 1889 1388 Convene-

1056 1407 1247 1455 runtque
1275 1403 1503 1456 Apostoli,
1533 1408 1577 1445 et
1604 1404 1801 1446 seniores
1830 1403 1890 1444 vi-

1057 1459 1162 1501 dere
1191 1459 1247 1501 de
1278 1459 1416 1501 verbo
1448 1459 1545 1501 hoe.
1601 1460 1711 1501 Cum
1742 1463 1890 1501 autem

1056 1529 1217 1567 magna
1245 1516 1512 1567 conquisitio
1538 1516 1680 1566 fieret,
1707 1528 1890 1567 surgens

1056 1573 1214 1614 Petrus
1243 1572 1354 1613 dixit
1383 1571 1440 1613 ad
1468 1584 1564 1613 eos:
1595 1572 1694 1614 Viri
1719 1572 1890 1621 fratres,

1057 1641 1138 1670 vos
1158 1628 1279 1669 scitis
1296 1628 1505 1680 quoniam
1519 1627 1575 1668 ab
1595 1628 1785 1680 antiquis
1801 1627 1890 1669 die-

1056 1684 1140 1726 bus
1167 1685 1289 1725 Deus
1318 1684 1363 1724 in
1390 1683 1519 1724 nobis
1549 1684 1699 1734 elegit,
1731 1696 1812 1736 per
1839 1696 1890 1725 os

1056 1753 1203 1781 meum
1229 1740 1381 1781 audire
1406 1740 1574 1781 Gentes
1599 1739 1784 1781 verbum
1807 1740 1890 1780 Ev-

1057 1796 1235 1847 angelii,
1264 1801 1308 1837 et
1337 1795 1528 1837 credere.
1577 1796 1635 1836 Et
1665 1796 1739 1847 qui
1766 1796 1891 1837 novit

1057 1852 1193 1893 corda
1204 1852 1335 1901 DeuS,
1345 1852 1647 1893 testimonium
1657 1851 1890 1903 perhibuit,

1057 1908 1167 1949 dans
1191 1908 1278 1949 illis
1301 1908 1512 1960 Spiritum
1537 1912 1754 1957 sanctum,
1777 1908 1891 1949 sicut

1057 1968 1101 2005 et
1115 1964 1254 2014 nobis,
1275 1969 1318 2006 et
1333 1963 1440 2005 nihil
1455 1963 1666 2005 discrevit
1679 1964 1794 2005 inter
1807 1976 1890 2005 nos

1057 2025 1101 2061 et
1127 2020 1245 2069 illos,
1274 2020 1362 2061 fide
1388 2020 1626 2072 purificans
1657 2019 1793 2061 corda
1819 2022 1889 2061 eo-

1057 2089 1163 2117 rum.
1199 2077 1328 2117 Nunc
1352 2088 1458 2126 ergo
1479 2075 1585 2127 quid
1607 2076 1785 2117 tentatis
1805 2076 1888 2117 De-

1056 2145 1146 2182 um,
1173 2133 1402 2185 imponere
1425 2132 1573 2183 iugum
1599 2144 1731 2184 super
1756 2134 1889 2173 cervi-

1057 2200 1130 2229 ces
1152 2187 1486 2240 discipulorum‚
1513 2187 1633 2240 quod
1653 2200 1797 2240 neque
1815 2200 1888 2240 pa-

1055 2248 1146 2285 tres
1190 2244 1349 2294 nostri,
1396 2256 1540 2295 neque
1586 2256 1669 2284 nos
1709 2246 1889 2295 portare

1056 2298 1308 2352 potuimus?
1362 2300 1450 2341 Sed
1477 2312 1557 2352 per
1587 2300 1775 2351 gratiam
1801 2300 1889 2340 Do-

1055 2356 1161 2396 mini
1175 2356 1199 2396 J
1203 2368 1281 2396 esu
1298 2356 1459 2397 Christi
1478 2355 1696 2397 credimus
1716 2355 1888 2404 salvari,

1057 2410 1430 2463 quemadmodum
1455 2416 1499 2453 et
1522 2411 1594 2452 illi.
1633 2411 1792 2452 Tacuit
1816 2423 1888 2452 au-

1055 2472 1145 2509 tem
1161 2468 1304 2508 omnis
1319 2466 1572 2509 multitudo:
1593 2471 1636 2508 et
1652 2466 1889 2508 audiebant

1055 2523 1324 2573 Barnabam,
1355 2528 1398 2565 et
1424 2522 1629 2572 Paulum,
1660 2525 1888 2563 narrantes

1057 2584 1220 2631 quanta
1234 2579 1356 2620 Deus
1375 2579 1552 2620 fecisset
1572 2578 1706 2628 signa,
1726 2583 1769 2619 et
1788 2591 1888 2630 pro—

1056 2634 1172 2686 digia
1192 2635 1236 2675 in
1257 2634 1473 2676 Gentibus
1492 2647 1572 2687 per
1593 2646 1681 2675 eos.

1109 2699 1157 2750 R.
1184 2695 1362 2736 Virtute
1381 2707 1550 2746 magna.
1577 2694 1671 2734 262.
