2066 2904
220 179 284 215 474

215 279 301 316 tem
338 278 506 325 patrem
544 271 676 312 fuisse
723 270 1029 311 commemora-

214 335 314 372 tum.
342 329 495 380 Neque
515 328 627 370 enim
646 325 834 368 absurde
850 324 1031 377 quisque

215 385 370 428 dicitur
388 398 474 426 non
491 383 635 434 carne,
661 382 739 425 sed
762 381 942 423 caritate
961 392 1030 430 ge-

214 444 359 483 nuisse
384 454 512 494 quem
535 440 670 481 filium
694 438 775 480 sibi
797 436 1030 489 adoptave-

214 498 278 540 rit.
314 498 373 539 At
400 510 504 539 vero
530 496 660 538 etiam
682 507 763 536 nos
783 492 940 546 quibus
960 491 1030 533 de-

215 553 279 596 dit
312 555 432 596 Deus
477 554 741 606 potestatem
786 550 898 591 filios
941 549 1031 601 ejus

215 611 324 660 fieri,
357 610 412 652 de
443 613 596 652 natura
629 614 759 661 atque
791 605 1032 648 substantia

215 680 293 709 sua
315 680 403 709 non
427 679 507 708 nos
532 665 695 718 genuit,
723 664 834 705 sieut
859 661 1033 703 unicum

215 723 386 775 Filium,
417 722 496 765 sed
523 722 673 773 ntique
700 718 932 763 dilectione
960 716 1032 759 ad-

216 780 394 833 optavit.

274 841 318 888 Ru
350 841 503 891 Surge,
530 843 575 881 et
601 837 751 890 accipe
777 839 962 889 puerum
989 839 1033 876 et

215 903 397 939 matrem
415 897 516 948 ejus,
536 900 579 937 et
596 895 696 946 fuge
714 894 758 934 in
777 894 1032 945 AEgj'fptum:

219 955 239 976 *
251 954 308 996 Et
327 958 421 995 esto
439 952 499 1012 ibi
513 963 652 1004 usque
669 949 772 992 dum
787 948 928 991 dicam
942 947 1032 997 tibi,

215 1010 392 1060 alleluja.
432 1007 476 1052 Y-
500 1008 558 1050 Ut
581 1006 890 1060 adimpleretur
913 1003 1033 1058 quod

215 1066 379 1109 dictum
403 1071 469 1108 est
493 1078 518 1106 a
537 1064 724 1106 Demino
747 1076 826 1116 per
842 1061 1032 1114 Prophe-

214 1129 304 1166 tam
323 1123 554 1165 dicentem:
579 1121 647 1162 Ex
665 1121 859 1172 AEgypto
878 1118 1033 1160 vocavi

217 1180 351 1222 filium
368 1191 522 1220 meum.
550 1178 617 1219 Et.
643 1176 793 1218 (ileria
811 1175 939 1217 Patri.
967 1175 1033 1216 Et.

274 1242 400 1275 Lectio
426 1242 472 1275 ix.
499 1242 545 1276 dc
570 1242 736 1275 Homilia
762 1241 867 1274 Dom.
888 1240 964 1275 292.

479 1318 556 1359 Ad.
576 1318 770 1359 Laudes

439 1380 484 1411 et
516 1386 605 1418 per
638 1376 818 1409 Horas.
869 1416 874 1422 ι

273 1437 368 1477 Ant.
388 1438 416 1476 1.
438 1435 568 1479 Jacob
586 1440 730 1478 autem
749 1435 772 1461 *
789 1434 938 1486 genuit
957 1434 981 1475 J
984 1446 1026 1475 o-

219 1495 326 1548 seph
337 1495 475 1536 virum
485 1493 645 1542 Mariae,
657 1490 710 1534 de
729 1503 814 1544 qua
827 1495 956 1532 natus
969 1495 1036 1532 est

217 1553 241 1593 J
245 1565 353 1601 esus,
375 1551 447 1603 qui
465 1551 645 1591 vocatur
664 1548 870 1597 Christus,
890 1546 1001 1589 allel.

274 1608 335 1651 l‘s.
363 1606 568 1649 Deminus
591 1604 798 1657 regnavit.
823 1605 882 1645 16.

271 1672 305 1709 2.
336 1667 488 1709 Missus
513 1671 579 1709 est
596 1667 620 1692 *
639 1666 833 1717 Angelus
858 1663 1037 1706 Gabriel

220 1737 245 1766 a
272 1724 367 1766 Deo
398 1724 441 1765 in
469 1724 689 1765 civitatem
717 1721 930 1771 Galilaeae,
954 1720 1037 1770 ,cui

220 1793 376 1822 nomen
393 1779 626 1830 Nazareth,
645 1778 702 1821 ad
718 1778 944 1830 Virginem
963 1775 1034 1819 de-

221 1838 472 1889 sponsatam
502 1836 613 1885 viro,
652 1835 722 1878 cui
753 1846 912 1876 nomen
943 1838 1036 1875 erat

221 1892 246 1933 J
249 1892 396 1945 oseph,
416 1892 594 1944 alleluja.

273 1952 308 1988 1-3.
352 1948 556 1990 Ascendit
587 1954 733 1990 autem
762 1947 786 1973 *
817 1945 982 1999 Joseph
1013 1958 1038 1987 a

224 2004 404 2046 Galilaea
437 2004 491 2047 de
523 2005 698 2047 civitate
727 2002 964 2053 Nazareth,
995 2002 1039 2043 in

221 2060 418 2102 Judaeam
443 2061 485 2102 in
509 2061 728 2103 civitatem
751 2058 911 2109 David,
940 2071 1038 2111 quae

221 2119 402 2159 vocetur
420 2117 686 2167 Bethlehem,
707 2117 887 2168 alleluja.

275 2176 310 2213 4.
344 2174 396 2215 Et
419 2175 629 2216 venerunt
653 2174 923 2222 festinantes,
947 2172 970 2198 *
996 2177 1040 2214 et

223 2230 475 2272 invenerunt
497 2230 694 2280 Mariam,
722 2235 766 2272 et
785 2228 969 2282 Joseph,
997 2234 1040 2270 et

223 2286 427 2382 infantem
445 2287 637 2340 pesitum
659 2287 702 2328 in
721 2286 956 2339 praesepio,
981 2285 1038 2327 al-

241 2354 264 2382 e
283 2354 360 2393 ula.

278 2398 314 2437 Γ).
341 2399 395 2439 Et
416 2398 509 2451 ipse
527 2399 552 2439 J
554 2411 652 2440 esus
670 2399 694 2424 *
714 2403 807 2440 erat
829 2397 1039 2451 incipiens

227 2453 347 2504 quasi
366 2457 574 2496 annerum
592 2455 779 2506 triginta,
797 2458 844 2495 ut
859 2453 1039 2506 putaba-

225 2512 294 2549 tur
313 2508 425 2550 filius
445 2510 468 2551 J
472 2511 619 2563 oseph,
638 2510 819 2562 alleluja.

332 2569 582 2622 Capitulum.
699 2573 803 2613 Gen.
818 2573 884 2612 49.
900 2572 938 2613 d.

309 2633 599 2676 enedictienes
627 2636 762 2688 patris
785 2635 847 2677 tui
873 2635 1039 2677 confor-

323 2691 426 2731 tatae
450 2697 548 2732 sunt
571 2691 944 2734 benedictienibus
967 2705 1039 2744 pa-

371 179 474 212 Dom.
494 176 554 210 111.
573 180 659 218 post
678 174 834 208 Pascha.
862 170 1066 206 patrm-inii
1084 170 1118 203 S.
1137 169 1283 212 Joseph
1301 168 1418 206 Cont'..
1437 166 1575 210 Sponsi
1595 166 1634 199 B.
1648 165 1746 199 MN.

1078 271 1193 308 trum
1220 265 1325 316 ejus:
1358 263 1499 305 donec
1533 263 1701 303 veniret
1732 258 1899 302 deside-

1080 322 1191 363 rium
1218 320 1394 362 cellium
1422 319 1699 360 aeternerum:
1726 315 1831 358 fiant
1856 315 1900 356 in

1081 377 1224 431 eapite
1241 377 1265 418 J
1268 375 1423 428 oseph‚
1449 380 1493 417 et
1515 374 1558 415 in
1582 373 1744 415 vertice
1762 371 1899 414 Naza-

1080 434 1157 476 raei
1174 434 1286 476 inter
1305 433 1461 475 fratres
1480 443 1595 473 suos.

1396 496 1599 545 Hymnus.

1159 555 1325 598 delitum
1365 554 1390 595 J
1393 553 1532 606 oseph
1573 552 1726 602 decus,
1771 554 1901 602 atque

1387 614 1551 651 nostrae

1134 669 1262 711 Certa
1306 679 1408 720 spes
1452 666 1571 716 vitae,
1616 663 1902 716 columenque

1387 721 1547 771 mundi,
1751 754 1758 757 ,

1133 781 1251 832 Quas
1269 780 1348 823 tibi
1363 779 1454 821 laeti
1469 778 1674 827 canimus,
1691 775 1903 827 benignus

1285 835 1466 889 suscipe
1483 833 1648 877 laudes.

1087 909 1144 950 'se
1164 912 1283 950 sator
1302 919 1447 949 rerum
1466 905 1618 948 statuit
1634 903 1809 958 pudicae

1133 963 1325 1016 Virginis
1382 975 1610 1027 sponsum,
1679 959 1904 1011 voluitque

1134 1078 1199 1120 Te
1231 1018 1533 1130 patremvdiclzil,
1566 1073 1687 1117 dedit
1717 1077 1763 1115 et
1784 1071 1904 1113 mini-

1392 1137 1530 1174 strum

1288 1189 1399 1231 Esse
1419 1188 1581 1230 salutis.

1088 1262 1154 1302 Tu
1185 1259 1528 1312 Redempterem
1565 1255 1738 1299 stabulo
1768 1254 1905 1307 jacen-

1139 1375 1278 1425 Quem
1303 1317 1644 1442 οὴοξξῒῗῑεωω
1667 1369 1822 1412 cecinit
1845 1369 1906 1411 fu-

1138 1485 1312 1539 Aspicis
1331 1433 1817 1537 gauldlelnlgfffiumilisque
1835 1493 1907 1537 naf

1290 1546 1660 1638 Nugglinad6raS-f

1093 1667 1183 1708 Rex
1197 1666 1317 1707 Deus
1332 1678 1493 1716 regum,
1505 1665 1766 1707 Dominator
1781 1663 1910 1713 orbis,

1141 1722 1272 1774 Cujus
1307 1720 1364 1763 ad
1399 1727 1551 1764 nutum
1580 1721 1727 1763 tremit
1756 1719 1910 1762 infere-

1140 1834 1304 1884 Turba,
1353 1790 1633 1887 culiunpronus
1677 1831 1910 1874 famuletur

1397 1890 1548 1940 aether,

1294 1946 1349 1989 Se
1367 1946 1447 1989 tibi
1467 1946 1625 1989 subdit.

1091 2014 1206 2057 Laus
1234 2015 1290 2056 sit
1313 2015 1499 2056 excelsae
1523 2013 1673 2057 Triadi
1697 2014 1913 2068 perennis,

1142 2072 1251 2122 Quae
1280 2071 1361 2113 tibi
1390 2072 1593 2125 praebens
1624 2074 1809 2124 superos
1836 2069 1913 2112 ho-

1398 2131 1538 2179 neres,

1142 2184 1230 2227 Det
1247 2184 1333 2227 tuis
1351 2184 1479 2227 nobis
1496 2185 1661 2227 meritis
1678 2183 1822 2226 beetae

1298 2241 1469 2283 Gaudia
1486 2242 1599 2284 vitae.
1624 2241 1777 2282 Amen.

1144 2293 1195 2345 V.
1236 2296 1409 2339 Dedisti
1448 2297 1552 2339 mihi
1591 2296 1909 2350 protectienem

1091 2354 1243 2396 salutis
1261 2358 1360 2404 tuae,
1382 2353 1564 2406 alleluja.
1591 2354 1640 2405 R.
1657 2353 1715 2396 Et
1732 2352 1912 2395 dextera

1090 2416 1166 2454 tua
1184 2410 1377 2463 suscepit
1393 2423 1474 2460 me,
1493 2409 1673 2462 alleluja.

1149 2466 1217 2507 Ad
1239 2466 1398 2509 Bened.
1430 2466 1530 2506 Ant.
1562 2465 1727 2519 Joseph
1748 2465 1811 2507 fili
1828 2465 1913 2506 Da-

1092 2524 1179 2574 vid,
1210 2523 1299 2565 noli
1325 2523 1478 2565 timere
1506 2525 1706 2576 accipere
1733 2522 1914 2563 Mariam

1092 2581 1318 2632 conjugem
1344 2586 1477 2622 tuam:
1511 2578 1631 2631 quod
1657 2579 1770 2621 enim
1793 2579 1837 2619 in
1862 2591 1914 2620 ea

1091 2642 1239 2679 natum
1266 2642 1348 2686 est,
1379 2635 1434 2678 de
1461 2635 1624 2688 Spiritu
1657 2641 1808 2678 sancto
1836 2640 1913 2685 est,

1092 2693 1271 2746 alleluja.
