2028 2892
568 162 670 196 Infra
695 163 988 199 Hebdomadam
1012 166 1049 200 ii.
1075 166 1395 209 Quadragesimae.

134 261 202 304 bis
239 274 264 302 a
298 261 455 302 timere
492 263 719 302 nocturno.
771 261 958 303 Veritas.

136 316 287 359 Gleria
304 317 436 358 Patri.
472 317 618 358 Scuto·

186 368 238 421 V.
261 373 442 424 Angelis
471 373 567 414 suis.
587 373 707 414 Deus
735 374 958 415 mandavit

135 431 191 473 de
209 435 264 472 te.
289 429 341 481 Rv-
355 429 415 471 Ut
434 429 683 471 custediant
700 435 745 472 te
764 430 807 471 in
825 431 957 472 omni-

133 487 215 530 bus
234 486 316 528 viis
334 486 432 528 tuis.

370 572 448 613 Ad
465 572 727 622 Vesper-as.

184 632 273 667 Ant.
299 636 334 667 et
357 632 418 666 Ps.
444 632 490 666 de
516 631 729 666 Doniinicu.
754 633 833 669 107.

186 687 445 740 Capitulum.
491 687 686 728 Fratres:
723 687 957 737 Rogamus.

134 749 177 785 et
210 745 421 796 Hymnus.
467 741 584 783 Audi
623 742 810 794 benigne
849 742 957 783 Cen-

134 796 261 840 ditor.
288 798 375 839 147.

185 850 236 902 V.
265 854 446 906 Angelis
474 855 564 896 suis
588 855 709 896 Deus
736 855 958 897 mandavit

135 909 191 952 de
208 913 264 952 te.
287 912 339 965 R.
355 911 415 953 Ut
434 911 682 953 cust6diant
700 909 744 953 te
763 912 807 953 in
825 913 957 954 omni-

132 965 215 1009 bus
234 967 316 1008 viis
336 968 432 1009 tuis.

185 1027 257 1068 Ad
271 1027 445 1078 Magnis.
463 1027 564 1067 Ant.
584 1027 811 1070 Visionem
829 1042 958 1082 quam

132 1083 320 1134 vidistis,
346 1085 370 1111 *
395 1085 558 1126 nemini
581 1085 792 1135 dixeritis,
817 1085 958 1128 donec

133 1153 160 1182 a
178 1141 365 1182 mortuis
386 1145 587 1194 resurgat
605 1141 741 1183 Fssius
760 1142 958 1184 heminis.

182 1204 333 1239 Deinde
358 1205 536 1239 dicuntur
552 1204 738 1247 Vesperae
760 1203 935 1237 Defunct.

319 1315 484 1351 Feria
516 1315 776 1352 Secunda.

131 1366 285 1408 Lectio
311 1368 450 1409 sancti
469 1368 695 1419 Evangelii
718 1369 958 1411 secundum

434 1424 459 1465 J
462 1437 658 1466 oannem

234 1483 417 1524 Lectio
406 1497 430 1523 1
640 1482 743 1533 Cap.
762 1482 799 1521 8.
820 1494 854 1521 c.

180 1556 208 1584 n
232 1543 308 1584 illo
334 1546 547 1597 tempore:
574 1545 696 1586 Dixit
719 1545 743 1585 J
746 1557 845 1586 esus
869 1551 956 1587 tur-

204 1598 272 1641 bis
308 1600 579 1642 Judaeorum:
615 1602 711 1652 Ego
747 1602 878 1652 vado,
915 1608 957 1644 et

134 1657 338 1707 quaeretis
356 1670 443 1707 me,
471 1662 515 1699 et
539 1658 584 1698 in
603 1660 788 1710 peccato
808 1664 956 1701 vestro

131 1713 388 1754 moriemini.
414 1715 472 1755 Et
490 1714 668 1766 reliqua.

234 1781 428 1823 Homilia
456 1783 596 1825 sancti
622 1783 855 1835 Augustini

432 1839 654 1893 Episcopi.

223 1897 348 1932 Tract.
371 1897 427 1932 38.
451 1897 492 1932 in
515 1897 653 1932 Joann.
675 1899 766 1940 post
788 1894 869 1929 init.

160 1961 204 2000 μί’
218 1954 373 1993 06111115
391 1956 458 1994 651
471 1952 685 1993 Dominus
702 1952 955 2002 Judae1sdi-

144 2007 207 2045 in.)
235 2020 353 2049 cens:
371 2008 467 2059 Ego
488 2008 612 2050 vado.
648 2009 821 2050 Christo
841 2009 956 2050 enim

132 2063 324 2105 Demino
354 2077 475 2106 mors
506 2057 723 2117 profectio
756 2065 836 2106 fuit
865 2065 955 2115 illo,

133 2119 249 2162 unde
267 2121 463 2171 venerat,
489 2126 533 2163 et
555 2121 669 2163 unde
689 2133 777 2162 non
796 2121 954 2162 disces-

133 2181 260 2218 serat.
286 2176 393 2228 Ego,
411 2177 563 2230 inquit,
583 2177 709 2228 vado,
728 2182 771 2219 et
791 2179 954 2230 quaere-

132 2233 187 2274 tis
217 2245 303 2282 me,
338 2246 427 2274 non
459 2233 693 2285 desiderio,
730 2233 809 2276 sed
841 2233 954 2275 edio.

131 2288 246 2329 Nam
271 2289 395 2330 illum
421 2293 712 2342 posteaquam
744 2290 955 2332 abscessit

133 2344 187 2386 ab
221 2345 358 2386 oculis
389 2345 629 2396 heminum,
668 2346 955 2398 inquisierunt

134 2405 177 2442 et
196 2401 271 2452 qui
289 2401 484 2451 ederant,
505 2407 548 2443 et
567 2402 641 2453 qui
657 2402 874 2443 amabant:
892 2401 955 2441 illi

131 2457 448 2510 persequendo,
463 2459 536 2499 isti
549 2458 711 2500 habere
726 2457 954 2510 cupiendo.

132 2512 184 2552 In
211 2513 397 2554 Psalmis
425 2514 486 2555 ait
513 2514 608 2566 ipse
634 2514 847 2555 Deminus
874 2525 954 2566 per

131 2567 416 2622 Prophetam:
451 2570 586 2611 Periit
613 2570 714 2621 fuga
741 2583 767 2610 a
792 2582 877 2618 me,
911 2573 954 2610 et

132 2636 220 2665 non
249 2630 316 2667 est
346 2626 420 2678 qui
443 2628 637 2678 requirat
661 2626 846 2667 animam
867 2637 953 2666 me-

133 2692 215 2721 am.
235 2681 292 2723 Et
309 2684 468 2723 iterum
487 2683 547 2723 ait
566 2681 823 2723 31101060111
837 2680 953 2721 Ρ531-

1008 275 1098 304 mo:
1127 263 1456 305 Confundantur
1481 270 1523 306 et
1546 268 1826 308 revereantur

1008 319 1280 371 requirentes
1299 320 1485 361 animam
1503 335 1654 363 meam.

1062 376 1113 427 R.
1132 375 1249 416 Dum
1267 376 1349 417 iret
1367 376 1502 418 Jacob
1523 377 1576 419 de
1594 379 1824 431 Bersabee,

1010 435 1053 472 et
1075 433 1279 483 pergeret
1303 433 1663 482 Η31311,106111115
1692 440 1758 477 651
1786 437 1825 478 61

1009 488 1232 539 Ι)0111111115,
1253 487 1416 529 dicens:
1431 488 1659 541 *Terram‚
1677 492 1720 532 in
1741 505 1826 544 qua

1010 543 1191 593 dormis,
1219 544 1298 586 tibi
1324 545 1454 596 dabo,
1487 551 1531 588 et
1559 548 1711 588 semini
1737 553 1824 590 tuo.

1011 595 1061 647 V.
1087 576 1339 643 AEdificavit
1366 614 1420 643 ex
1446 578 1663 654 lapidibus
1691 605 1825 646 altare

1008 656 1053 696 in
1065 656 1277 698 honorem
1288 658 1474 708 Demini,
1488 659 1670 701 fundens
1685 661 1827 702 oleum

1010 712 1212 765 desuper:
1246 718 1289 755 et
1315 714 1538 756 benedixit
1567 729 1664 757 eum
1691 717 1826 767 Deus,

1011 768 1168 811 dicens.
1201 770 1394 811 Terram.

1316 827 1467 868 Lectio
1487 826 1526 865 ii.

1012 878 1269 985 Culpavit,
1313 884 1387 935 qui
1420 897 1507 926 non
1542 887 1827 938 requirerent:

1097 938 1318 981 damnavit
1340 941 1620 993 requirentes.
1655 943 1827 985 Bonum

1012 998 1078 1035 est
1102 995 1215 1036 enim
1239 998 1435 1047 quaerere
1454 998 1639 1039 animam
1659 999 1826 1050 Christi,

1010 1050 1088 1092 sed
1109 1064 1194 1103 quo
1215 1052 1347 1094 modo
1367 1066 1462 1094 eam
1488 1055 1749 1106 quaesierunt
1768 1056 1826 1098 di-

1011 1107 1180 1159 scipuli:
1200 1112 1243 1149 et
1260 1109 1421 1150 malum
1441 1115 1506 1151 est
1527 1113 1722 1162 quaerere
1741 1112 1826 1152 3111-

1009 1176 1126 1204 mam
1150 1164 1324 1215 Christi,
1357 1165 1435 1207 sed
1466 1179 1552 1218 quo
1576 1167 1707 1209 modo
1733 1181 1827 1210 eam

1009 1220 1034 1260 J
1036 1220 1151 1261 udae1
1171 1221 1450 1272 quaesierunt:
1473 1222 1534 1263 illi
1560 1224 1674 1264 enim
1692 1229 1739 1265 ut
1757 1225 1827 1266 ha-

1010 1276 1179 1326 berent,
1198 1277 1270 1318 isti
1289 1282 1337 1319 ut
1354 1278 1598 1330 perderent.
1630 1280 1827 1333 Denique

1010 1332 1115 1382 istis,
1137 1333 1237 1385 quia
1256 1334 1318 1375 516
1339 1335 1592 1402 quaerebant
1605 1349 1727 1378 more
1741 1350 1826 1378 ma·
1833 1336 1836 1339 ’

1009 1388 1069 1438 10,
1103 1389 1235 1431 601(16
1262 1393 1486 1442 perverso,
1521 1392 1624 1444 quid
1652 1397 1825 1434 566111115

1009 1420 1225 1496 adjunxit?
1254 1447 1467 1497 Quaeretis
1486 1460 1570 1498 me;
1595 1454 1653 1498 et,
1678 1462 1732 1490 ne
1750 1463 1825 1502 pu-

1008 1501 1126 1551 tetiS,
1160 1502 1260 1554 quia
1292 1502 1403 1544 bene
1435 1516 1504 1544 me
1534 1506 1750 1569 quaeretis,
1782 1506 1825 1546 in

1008 1560 1193 1610 peccato
1214 1563 1360 1600 vestro
1374 1560 1625 1602 moriemini.
1646 1562 1744 1603 Hoc
1760 1566 1826 1603 est

1010 1614 1228 1656 Christum
1247 1616 1359 1657 male
1381 1629 1591 1667 quaerere,
1614 1618 1657 1658 in
1675 1621 1825 1670 pecca-

1008 1674 1054 1711 to
1082 1683 1161 1712 suo
1186 1672 1311 1712 mori:
1338 1671 1423 1713 hoc
1444 1678 1510 1713 est
1529 1673 1650 1714 illum
1669 1674 1825 1724 odisse,

1008 1739 1087 1779 per
1107 1740 1236 1779 quem
1251 1728 1391 1780 possit
1406 1727 1546 1770 solum
1560 1729 1705 1771 salvus
1720 1744 1825 1772 esse.

1060 1783 1113 1835 Ει.
1137 1783 1355 1836 Apparuit
1371 1785 1491 1827 Deus
1509 1785 1662 1836 Jacob,
1688 1791 1731 1828 61
1754 1787 1823 1828 be-

1008 1839 1175 1880 nedixit
1194 1853 1303 1890 eum,
1323 1845 1366 1882 et
1381 1841 1503 1883 dixit:
1520 1842 1615 1892 Ego
1632 1855 1727 1883 sum
1740 1843 1822 1884 De-

1008 1908 1058 1936 us
1080 1895 1252 1945 Bethel,
1280 1896 1354 1938 ubi
1372 1897 1533 1939 unxisti
1551 1897 1756 1950 lapidem,
1780 1904 1823 1940 et

1007 1956 1158 1993 votum
1181 1953 1340 1994 vovisti
1362 1953 1480 1994 mihi:
1503 1952 1527 1978 *
1550 1953 1755 1996 Crescere
1779 1959 1821 1996 te

1006 2007 1172 2058 faciam,
1193 2013 1236 2050 et
1254 2009 1552 2062 multiplicabo
1568 2014 1622 2051 te.
1642 2002 1692 2054 V.
1706 2011 1820 2051 Vere

1006 2064 1220 2105 D6minus
1248 2069 1314 2106 est
1340 2065 1384 2105 in
1411 2065 1509 2107 1060
1537 2066 1636 2116 1510,
1669 2070 1712 2107 61
1739 2077 1819 2117 ego

1006 2119 1264 2162 nesciebam.
1293 2121 1508 2163 Crescere.

1303 2176 1453 2217 Lectio
1471 2175 1526 2215 iii.

1084 2247 1157 2275 um
1170 2234 1283 2275 enim
1298 2233 1503 2283 homines,
1524 2245 1705 2285 quorum
1719 2246 1819 2286 spes

1095 2290 1139 2330 in
1156 2290 1252 2331 Deo
1278 2295 1358 2341 est,
1386 2302 1472 2330 non
1499 2288 1685 2330 debeant
1707 2289 1820 2330 mala

1005 2345 1190 2387 reddere
1213 2359 1293 2387 nec
1314 2358 1395 2398 pro
1414 2344 1552 2394 malis;
1578 2344 1821 2387 reddebant

1004 2402 1078 2443 isti
1100 2401 1215 2442 mala
1238 2414 1319 2454 pro
1339 2401 1474 2442 bonis.
1509 2401 1820 2443 Praenuntiavit

1007 2470 1111 2508 ergo
1139 2458 1222 2499 illis
1248 2457 1473 2505 DominuS,
1504 2455 1699 2508 dixitque
1726 2470 1818 2499 sen-

1004 2514 1186 2555 tentiam
1200 2513 1418 2566 praeseius,
1439 2511 1582 2564 quod'
1571 2525 1614 2552 m
1628 2525 1706 2554 suo
1721 2526 1818 2565 pec-

1006 2572 1106 2611 6310
1126 2571 1405 2610 morerentur.
1425 2567 1594 2609 Deinde
1613 2568 1818 2621 adjunxit:

1006 2627 1102 2675 Quo
1136 2638 1215 2676 ego
1247 2623 1375 2673 vado,
1407 2636 1487 2665 vos
1518 2636 1606 2665 non
1635 2625 1818 2689 potestis

1005 2683 1163 2723 venire.
1195 2680 1292 2720 Hoc
1316 2684 1359 2721 et
1385 2679 1606 2732 discipulis
1625 2681 1714 2721 suis
1732 2680 1816 2721 3110
