2066 2956
147 349 199 377 ac
221 338 438 389 praeterea
463 349 640 378 carnem
665 335 850 378 assiduis
874 337 974 388 jeju-

145 393 243 443 niis,
267 393 442 444 vigiliis,
466 392 812 444 verberibusque
835 406 974 435 mace-

145 448 284 498 rabat,
308 454 455 491 tamen
473 454 540 491 tot
560 451 694 490 enera
713 449 756 489 in
775 462 822 490 se
842 453 974 491 susci-

145 505 288 556 piens,
317 510 426 557 quot
452 505 643 547 ferendis
670 505 819 557 plures
848 506 976 547 simul

145 561 219 602 vix
236 573 366 613 pares
387 567 549 612 essent,
575 561 832 603 incredibile
856 562 975 604 dictu

146 622 230 666 est,
259 622 421 670 quanta
444 631 526 671 pro
551 618 691 669 gleria
714 618 815 668 Dei,
845 632 976 670 quam

129 673 272 715 'unice
292 674 531 726 quaerebat,
555 675 704 726 egerit,
725 687 814 716 non
833 675 975 716 solum

144 729 351 783 Neapoli,
378 730 458 772 sed
481 731 526 772 in
553 731 648 772 aliis
670 743 846 783 quoque
867 733 974 783 ejus-

146 785 247 827 dem
263 787 386 837 regni
400 787 652 840 provinciis:
673 792 781 839 quot
799 787 975 828 labores

145 846 190 883 et
222 846 440 884 aerumnas
471 843 638 889 tulerit,
680 848 843 895 quanto
877 857 976 885 cum

144 898 290 940 fructu
308 900 351 940 in
371 912 476 951 agro
492 899 715 942 dominico
731 899 975 941 excolendo

145 954 244 1007 plus
277 968 408 1007 quam
435 956 726 1008 quadraginta
751 957 876 997 annis
905 956 975 997 de-

146 1010 380 1054 sudaverit.
424 1013 696 1065 Frequentes
734 1018 778 1054 et
815 1013 976 1065 saepius

145 1066 294 1118 plures
318 1068 476 1110 eedem
500 1069 570 1111 die
594 1068 785 1110 habebat
805 1070 976 1110 concio-

145 1135 222 1164 nes
242 1136 322 1176 per
342 1124 483 1174 vicos,
512 1125 706 1178 compita
731 1129 775 1166 et
794 1125 976 1177 plateas,

146 1177 204 1220 ad
233 1180 483 1222 carceribus
512 1181 733 1230 detentos,
762 1180 818 1222 ad
845 1182 976 1232 regiis

145 1234 395 1277 triremibus
414 1237 703 1289 mancipatos,
728 1236 785 1278 ad
803 1236 976 1286 milites,

146 1296 301 1333 contra
346 1292 631 1334 circulateres
678 1292 976 1345 impudentes,

145 1353 299 1390 contra
330 1349 534 1401 publicos
564 1350 743 1401 quosvis
772 1351 975 1402 peccato-

142 1415 231 1453 res,
264 1410 417 1447 contra
449 1406 578 1446 famae
605 1405 856 1458 prostitutae
884 1419 974 1446 mu-

143 1459 357 1502 lierculas.
379 1461 667 1503 Accedebant
686 1461 903 1502 mirabilia
923 1462 975 1502 si-

143 1528 244 1566 gna,
271 1517 501 1559 tremenda
524 1517 684 1559 divinae
705 1518 883 1559 ultienis
903 1517 975 1558 ad-

144 1574 297 1614 versus
309 1574 564 1626 pervicaces
576 1573 851 1623 documenta,
867 1586 977 1614 scru-

143 1628 253 1670 tatio
269 1630 480 1679 cordium,
499 1629 732 1683 praedictio
749 1642 895 1670 rerum
914 1630 975 1670 fu-

143 1687 358 1736 turarum,
387 1687 478 1738 ejus
504 1686 705 1739 corporis
726 1684 911 1727 diversis
931 1686 975 1725 in

143 1741 256 1783 locis
283 1742 531 1794 replicatio,
559 1742 701 1793 gratia
730 1742 976 1791 sanitatum,

145 1800 317 1840 annona
337 1798 546 1840 divinitus
566 1798 864 1850 multiplicata,
889 1811 977 1838 vox

147 1854 278 1896 etiam
293 1867 348 1895 ex
363 1867 440 1896 ore
455 1855 697 1896 meretricis
709 1853 853 1895 subita
863 1866 976 1894 mor-

146 1915 191 1952 te
211 1912 429 1962 correptae
450 1913 641 1959 extorta,
672 1923 770 1962 quae
791 1922 837 1950 se
858 1909 977 1962 apud

146 1966 309 2007 inferos
331 1979 427 2008 esse
441 1967 587 2019 palam
603 1966 886 2008 denuntiavit.
910 1966 977 2005 Ex

149 2034 237 2074 quo
257 2022 391 2064 fiebat
412 2023 486 2063 vix
508 2028 556 2064 ut
579 2035 787 2074 umquam
807 2034 830 2062 e
851 2034 976 2073 supe-

147 2078 251 2119 rieri
265 2078 366 2119 loco
381 2078 438 2120 ad
453 2078 667 2131 pupulum
679 2078 856 2126 diceret,
873 2077 977 2128 quin

147 2134 365 2185 insignem
376 2134 566 2186 aliquem
576 2136 857 2186 peccatorem
865 2132 978 2173 Chri-

148 2194 218 2231 sto
250 2189 538 2232 lucrifaceret.
592 2189 819 2232 Interdum
847 2188 977 2229 etiam

149 2244 318 2295 decem,
362 2250 690 2298 nonnumquam
729 2243 977 2297 quindecim

149 2302 440 2343 meretriculae
456 2301 594 2351 simul,
614 2314 692 2342 sua
708 2300 890 2342 crimina
905 2299 976 2340 de-

150 2357 304 2399 flentes
336 2358 380 2398 in
413 2358 643 2406 concione,
675 2356 732 2398 ad
763 2356 976 2408 poeniten-

149 2413 254 2454 tiam
274 2414 572 2464 confugerunt.

199 2470 250 2521 Rz.
279 2470 458 2510 Amavit
478 2482 577 2510 eum
597 2467 826 2515 Deminus,
847 2471 891 2507 et
910 2479 977 2506 or-

149 2525 270 2566 navit
307 2538 420 2566 eum:
461 2524 618 2566 stolam
659 2523 810 2574 gloriae
838 2522 978 2562 induit

152 2593 269 2629 eum,
291 2583 314 2606 *
342 2581 400 2622 Ε1
427 2579 484 2621 ad
510 2585 662 2632 portas
689 2577 882 2630 paradisi
910 2589 978 2618 co-

151 2636 327 2677 ronavit
358 2648 475 2685 eum,
512 2635 694 2686 alleluja.
742 2631 792 2681 V.
831 2633 978 2673 Induit

153 2704 252 2732 eum
292 2692 508 2733 Deminus
548 2691 730 2732 loricam
771 2689 892 2737 fidei,
936 2693 979 2729 et

152 2747 324 2788 ornavit
350 2760 460 2788 eum.
493 2748 550 2788 Et
574 2746 631 2787 ad
654 2749 818 2798 portas.

475 242 546 276 Die
572 242 621 275 11.
646 242 747 283 Maii.
794 242 829 276 S.
855 242 1051 275 Francisci
1078 242 1124 275 dc
1153 242 1386 285 Hieronymo
1413 243 1521 275 (lons.

1326 337 1477 377 Lectio
1499 337 1549 376 vi.

1109 393 1257 434 ssidua
1282 393 1372 443 ejus
1398 394 1533 444 opera
1556 392 1636 433 fuit
1655 392 1699 432 in
1719 395 1855 443 aegro-

1139 449 1196 490 tis
1225 447 1479 496 invisendis,
1511 448 1554 488 in
1582 448 1855 490 moribundis

1030 505 1086 547 ad
1120 509 1306 546 mortem
1336 505 1419 545 rite
1451 505 1769 556 praeparandis,
1810 505 1855 545 in

1030 560 1269 602 concordia
1288 560 1529 601 animerum
1550 560 1855 602 dissidentium

1029 616 1321 666 concilianda,
1347 617 1391 656 in
1414 615 1680 668 pauperibus
1701 629 1784 669 ope
1805 630 1856 658 ac

1030 674 1190 715 solatio
1233 672 1525 714 sublevandis.
1580 673 1855 714 Communia-

1029 743 1140 779 nem,
1168 743 1298 782 quam
1319 729 1469 770 dicunt
1487 729 1747 780 generalem,
1774 732 1855 770 sin-

1029 787 1140 837 gulis
1166 785 1397 838 cujuslibet
1422 785 1584 826 mensis
1610 786 1749 826 tertiis
1769 786 1855 827 die-

1028 843 1112 883 bus
1131 842 1371 884 Dominicis
1392 854 1531 892 usque
1551 840 1663 882 adeo
1683 845 1856 894 promo-

1029 899 1108 948 vit,
1128 904 1176 940 ut
1195 911 1314 951 saepe
1335 896 1582 949 quindecim
1600 898 1734 938 millia
1754 898 1856 940 fide-

1029 955 1148 1005 lium,
1174 954 1411 1007 aliquando
1432 954 1584 1004 viginti
1607 954 1755 1003 millia,
1783 960 1857 996 aut

1031 1024 1083 1052 eo
1100 1012 1296 1064 amplius,
1312 1011 1368 1051 ad
1382 1010 1728 1052 Eucharistieam
1741 1024 1857 1052 men—

1030 1081 1124 1108 sam
1150 1067 1441 1109 convenerint.
1478 1066 1709 1108 Exercitiis
1734 1068 1857 1119 spiri-

1028 1123 1219 1165 tualibus
1249 1136 1302 1164 ex
1331 1123 1471 1164 sancti
1498 1123 1657 1173 Ignatii
1689 1123 1856 1164 institu-

1029 1181 1139 1221 teris
1163 1182 1442 1232 praescripto,
1468 1177 1747 1220 sacerd6tum
1773 1193 1857 1221 coe-

1029 1241 1116 1286 tus,
1135 1237 1327 1278 virorum
1348 1235 1651 1286 religiosorum
1671 1239 1714 1276 et
1732 1236 1858 1286 virgi-

1029 1306 1134 1333 num
1161 1293 1259 1333 Deo
1295 1291 1554 1333 devotarum
1585 1292 1858 1341 monasteria,

1029 1348 1276 1400 puellarum
1322 1347 1543 1396 coen6bia‚
1590 1346 1859 1387 studentium

1029 1405 1233 1455 juvenum
1253 1403 1437 1453 collegia
1458 1408 1501 1444 et
1520 1403 1770 1451 seminaria,
1797 1409 1856 1444 at-

1031 1472 1115 1510 que
1136 1472 1265 1500 omne
1285 1459 1509 1499 hominum
1525 1471 1662 1507 genus
1676 1458 1857 1499 mirifice

1031 1515 1232 1556 excoluit.
1267 1514 1558 1555 Gravissimas
1578 1513 1857 1556 difficultates

1030 1577 1073 1613 et
1087 1572 1322 1620 molestias,
1342 1584 1450 1622 quas
1469 1570 1530 1610 illi
1550 1570 1725 1611 daemon
1744 1572 1855 1612 exci-

1029 1627 1162 1677 tabat,
1192 1628 1354 1669 invicta
1383 1627 1593 1679 patientia
1619 1628 1856 1678 superavit:

1029 1697 1110 1725 nec
1148 1684 1283 1725 semel
1319 1682 1541 1723 maxillam
1579 1683 1855 1734 percutienti-

1029 1739 1111 1781 bus
1135 1739 1353 1781 submisso
1380 1739 1524 1780 animo
1545 1738 1726 1779 alteram
1746 1741 1855 1790 prae-

1030 1796 1137 1837 buit:
1167 1797 1333 1846 quinet
1352 1794 1659 1836 acerbissimos
1680 1794 1856 1835 doleres

1029 1851 1212 1894 brachio
1242 1852 1405 1904 captivi
1432 1850 1747 1899 Mahometani,
1783 1850 1856 1902 qui

1031 1921 1129 1949 eum
1148 1911 1445 1960 percusserat,
1472 1920 1496 1947 a
1515 1907 1612 1947 Deo
1633 1906 1775 1947 ultere
1795 1906 1854 1946 in-

1030 1964 1174 2006 flictos
1192 1964 1315 2015 signo
1332 1963 1473 2004 crucis
1489 1964 1667 2014 repente
1684 1964 1856 2003 cessare

1030 2020 1150 2070 fecit,
1169 2020 1479 2071 hominemque
1499 2018 1556 2059 ad
1576 2018 1855 2058 christianam

1029 2076 1285 2127 religienem
1330 2074 1523 2116 adduxit.
1582 2074 1768 2114 Demum
1812 2073 1855 2113 in

1030 2132 1191 2173 coelum
1211 2145 1235 2173 a
1250 2132 1347 2172 Deo
1369 2133 1586 2179 evocatus,
1606 2128 1779 2181 placide
1800 2129 1855 2169 ef-

1030 2188 1153 2229 flavit
1172 2188 1360 2228 animam
1384 2187 1427 2227 in
1446 2185 1737 2237 Neapolitana
1755 2197 1854 2237 pro-

1029 2243 1246 2285 fessorum
1261 2243 1404 2291 domo,
1420 2241 1491 2283 die
1505 2240 1735 2282 undecima
1744 2240 1855 2291 Maji,

1030 2312 1144 2340 anno
1191 2299 1419 2339 millesimo
1468 2296 1854 2349 septingentesimo

1031 2355 1201 2396 decimo
1222 2360 1362 2403 sexto,
1388 2353 1533 2394 aetatis
1552 2365 1658 2393 vero
1679 2365 1770 2392 suae
1791 2364 1855 2393 86-

1029 2411 1305 2463 ptuagesimo
1326 2414 1493 2461 quarto.
1526 2409 1664 2458 Quem
1689 2407 1856 2449 meritis

1030 2479 1082 2507 ac
1100 2466 1319 2507 miraculis
1340 2465 1505 2506 clarum
1522 2464 1625 2504 Pius
1645 2463 1856 2515 septimus

1030 2523 1233 2563 Pentifex
1248 2521 1463 2562 Maximus
1479 2521 1523 2560 in
1537 2519 1766 2560 beaterum
1780 2522 1855 2560 nu-

1029 2591 1198 2619 merum
1216 2577 1374 2618 retulit.
1401 2576 1540 2616 Novis
1559 2580 1705 2616 autem
1723 2575 1856 2626 signis

1031 2646 1056 2673 a
1087 2634 1184 2674 Deo
1216 2632 1496 2679 illustratum,
1537 2630 1782 2682 praesertim
1812 2630 1856 2669 in

1030 2689 1183 2741 patria,
1201 2688 1341 2739 iisque
1361 2687 1442 2727 rite
1460 2686 1671 2738 probatis,
1691 2686 1855 2735 Grego-

1030 2745 1119 2785 rius
1152 2742 1346 2784 decimus
1379 2747 1528 2783 sextus
1557 2741 1741 2782 solemni
1768 2741 1856 2781 ritu
