2066 2904
190 188 257 222 492

192 279 460 323 restituenda
501 278 746 320 indefessus
787 277 930 326 labor,
975 277 1018 316 in

193 335 486 389 exstirpandis
511 333 736 376 erroribus
763 333 938 375 assidua
959 333 1018 373 vi-

191 393 384 444 gilantia,
416 392 460 432 in
489 389 770 432 sublevandis
798 389 1018 440 egentium

191 447 525 490 necessitatibus
563 445 819 488 indeficiens
857 444 1016 486 benefi-

192 505 343 553 centia,
364 504 407 544 in
422 503 548 544 Sedis
563 501 836 554 Apostolicae
855 500 1019 552 juribus

191 559 465 602 vindicandis
484 558 620 600 robur
638 558 856 599 invictum.

243 618 293 668 R:-
324 615 460 656 Posui
491 614 753 666 adjutorium
781 625 914 665 super
942 624 1019 664 po-

193 675 373 721 tentem,
419 677 464 713 et
505 670 694 712 exaltavi
737 669 923 711 electum
965 667 1020 709 de

193 728 323 781 plebe
340 740 452 769 mea:
470 730 491 752 ¹⁸¹
513 727 669 768 Manus
693 725 808 767 enim
831 737 930 766 mea
948 737 1018 765 au-

193 784 416 825 xiliabitur
431 784 480 832 ei,
499 782 681 834 alleluja.
705 777 757 827 V.
774 780 926 822 Inveni
935 781 1020 821 Da-

193 840 267 882 vid
305 853 480 882 servum
516 851 679 888 meum,
727 837 826 879 oleo
866 841 1020 878 sancto

193 908 292 938 meo
311 896 414 937 unxi
434 908 543 936 eum.
570 894 736 936 Manus.

495 953 646 993 Lectio
668 952 719 991 vi.

268 1009 442 1051 elimum
495 1008 737 1049 Turcarum
790 1010 1022 1060 tyrannum

279 1065 427 1106 multis
447 1064 609 1106 elatum
628 1063 839 1113 victoriis,
859 1064 1023 1115 ingenti

195 1123 449 1174 comparata
482 1120 642 1168 classe,
685 1120 742 1160 ad
774 1118 1022 1160 Echinadas

195 1177 357 1218 insulas
378 1189 466 1218 non
484 1181 575 1217 tam
595 1176 744 1224 armis,
765 1189 895 1228 quam
915 1175 1023 1216 fusis

195 1233 252 1275 ad
276 1234 419 1274 Deum
444 1232 649 1284 precibus
674 1232 845 1273 devicit.
883 1232 1024 1282 Quam

196 1289 423 1331 victoriam
443 1301 494 1329 ea
513 1288 609 1340 ipsa
627 1288 747 1337 hora,
768 1300 854 1339 qua
874 1287 1023 1329 obten-

195 1350 239 1387 ta
271 1345 368 1394 fuit,
400 1346 497 1386 Deo
529 1344 768 1393 revelante,
805 1344 1024 1395 cognovit,

196 1404 374 1453 suisque
385 1400 668 1442 familiaribus
679 1400 899 1442 indicavit.
907 1400 1025 1441 Dum

196 1470 300 1499 vero
320 1470 479 1498 novam
498 1457 541 1497 in
561 1457 683 1509 ipsos
702 1457 870 1498 Turcas
895 1469 1023 1509 expe-

197 1513 409 1555 ditionem
459 1512 704 1562 moliretur,
757 1513 801 1553 in
845 1525 1025 1563 gravem

196 1569 398 1611 morbum
434 1568 604 1619 incidit,
651 1574 694 1610 et
730 1569 1025 1615 acerbissimis

198 1625 423 1667 doloribus
459 1625 776 1678 patientissime
813 1625 1025 1674 toleratis,

198 1682 255 1723 ad
275 1683 470 1723 extrema
490 1681 742 1731 deveniens,
766 1695 865 1723 cum
884 1694 1025 1723 sacra-

198 1740 345 1779 menta
377 1737 432 1779 de
464 1750 587 1779 more
620 1741 905 1790 suscepisset,
939 1738 1026 1779 ani-

198 1806 315 1835 mam
350 1794 447 1835 Deo
483 1794 780 1846 placidissime
816 1794 1027 1844 reddidit,

200 1863 313 1892 anno
337 1851 568 1892 millesimo
593 1851 942 1903 quingentesimo
963 1863 1027 1892 se-

199 1908 474 1960 ptuagesimo
508 1908 720 1958 secundo,
759 1908 903 1949 aetatis
936 1920 1028 1949 suae

200 1964 474 2015 sexagesimo
504 1966 680 2015 octavo,
713 1977 812 2006 cum
840 1963 1030 2006 sedisset

202 2033 339 2061 annos
371 2033 465 2070 sex,
497 2033 669 2062 menses
700 2025 808 2070 tres,
841 2019 936 2062 dies
968 2020 1028 2061 vi—

201 2077 308 2128 ginti
327 2078 526 2129 quatuor.
553 2076 724 2129 Corpus
745 2078 835 2129 ejus
854 2077 898 2117 in
916 2076 1029 2118 basi-

202 2132 285 2174 lica
329 2137 493 2174 sanetae
533 2132 684 2174 Mariae
730 2132 787 2175 ad
821 2133 1030 2185 Praesepe

204 2201 371 2230 summa
398 2188 593 2230 fidelium
619 2189 902 2231 veneratione
929 2188 1031 2229 coli-

204 2250 290 2293 tur,
317 2244 466 2286 multis
485 2257 511 2285 a
529 2245 627 2286 Deo
647 2245 739 2296 ejus
757 2245 1030 2287 intercessio-

205 2312 259 2341 ne
281 2300 463 2352 patratis
489 2300 721 2342 miraculis.
756 2300 924 2351 Quibus
949 2301 1031 2342 rite

210 2355 424 2407 probatis,
468 2369 495 2397 a
533 2356 756 2399 Clemente
800 2356 1032 2399 undecimo

207 2411 418 2453 Pontifiee
450 2412 643 2454 Maximo
676 2415 927 2455 sanctorum
958 2417 1033 2454 nu·
1162 2406 1182 2460 ’ἐ

208 2479 329 2508 mero
351 2467 598 2520 adscriptus
621 2474 698 2510 est.

260 2522 310 2573 R.
336 2523 427 2564 Iste
445 2529 512 2565 est
531 2524 616 2576 qui.
635 2524 710 2576 [71]

260 2582 301 2614 In
319 2582 382 2615 ΠΙ.
400 2582 509 2616 Noct.
526 2583 667 2617 IIomil.
686 2584 723 2617 in
742 2584 886 2625 Evang.
908 2585 1034 2621 Ilomo

211 2630 380 2673 peregre.
400 2629 445 2662 dc
472 2631 605 2664 eodem
624 2632 768 2665 Comm.
797 2633 821 2665 l.
841 2632 936 2665 loco.
966 2633 1035 2676 [73]

260 2675 444 2718 Vespera:
463 2677 507 2710 (lc
531 2689 633 2720 sequ.
653 2681 848 2713 cum-com.
868 2681 1031 2722 praeced.

442 185 510 218 Dic
535 186 564 217 (ἱ.
593 183 690 223 Maii.
738 183 773 215 S.
798 181 962 214 Joannis
988 180 1124 221 Apost.
1151 182 1237 211 ante
1265 180 1414 218 portam
1436 173 1623 207 Latinam.

1351 271 1436 312 Die
1455 271 1494 311 6.
1511 269 1626 321 Maii.

1071 344 1114 384 S.
1133 342 1164 383 J
1167 340 1344 382 oannis
1370 339 1574 391 Apostoli
1601 343 1702 379 ante
1726 343 1902 390 portam

1380 396 1591 436 Latinam.

1336 461 1490 503 Duplex
1507 460 1642 503 majus.

1126 523 1262 557 Omnia
1298 522 1344 555 dc
1378 521 1583 555 Communi
1617 521 1754 564 Apost.
1789 525 1903 564 temp.

1074 571 1209 605 I‘asch.
1234 571 1303 615 [21]
1330 574 1470 613 practer
1494 569 1706 612 sequentia.

1128 629 1167 661 In
1193 627 1365 670 utrisque
1389 627 1506 669 vesp.
1532 626 1581 660 ad
1607 626 1762 667 Maanif.

1128 686 1226 724 Ant.
1274 683 1322 723 In
1363 681 1572 724 ferventis
1616 680 1703 722 olei
1740 680 1906 722 dolium

1072 741 1232 782 missus
1256 740 1415 781 beatus
1439 738 1464 779 J
1466 739 1632 779 oannes
1651 736 1906 790 Apostolus,

1074 796 1221 838 divina
1240 809 1287 838 se
1307 796 1567 848 protegente
1586 794 1728 846 gratia
1744 793 1907 835 illaesus

1075 852 1219 902 exivit,
1239 852 1422 904 alleluja.

1176 957 1178 960 ,
1411 919 1578 961 Oratio.

1163 996 1251 1033 eus,
1272 983 1347 1035 qui
1361 981 1593 1034 conspicis,
1613 982 1715 1035 quia
1733 994 1815 1023 nos
1833 985 1908 1023 un-

1171 1040 1304 1092 dique
1323 1038 1441 1080 mala
1458 1043 1612 1080 nostra
1630 1038 1909 1091 perturbant:

1075 1101 1239 1149 praesta
1269 1097 1538 1148 quaesumus3
1564 1099 1614 1137 ut
1637 1094 1757 1137 beati
1781 1095 1909 1136 Joan-

1075 1153 1142 1194 nis
1162 1152 1369 1205 Apostoli
1387 1152 1452 1193 tui
1473 1155 1516 1192 et
1534 1150 1830 1203 Evangelistae
1849 1151 1910 1192 in-

1076 1209 1288 1251 tercessio
1330 1208 1525 1260 gloriosa
1571 1220 1653 1250 nos
1693 1209 1910 1260 protegat.

1076 1266 1161 1307 Per
1180 1265 1429 1307 Dominum.

1129 1333 1205 1367 Pro
1232 1341 1427 1366 commem.
1453 1329 1619 1373 praeced.

1132 1391 1229 1429 Ant.
1259 1389 1377 1428 Dum
1403 1390 1521 1428 esset
1546 1397 1742 1426 summus
1765 1385 1912 1426 Ponti-

1078 1444 1166 1493 feX,
1204 1445 1379 1485 terrena
1411 1455 1500 1484 non
1532 1441 1705 1491 metuit,
1742 1440 1825 1483 sed
1855 1439 1914 1482 ad

1079 1500 1277 1542 coelestia
1299 1512 1435 1551 regna
1454 1498 1673 1550 gloriosus
1696 1497 1913 1549 migravit,

1079 1556 1262 1608 alleluja.

1132 1618 1184 1664 V.
1200 1617 1225 1658 J
1226 1621 1375 1658 ustum
1394 1615 1579 1658 deduxit
1597 1614 1815 1656 Dominus
1833 1627 1914 1668 per

1079 1673 1174 1715 vias
1189 1678 1344 1722 rectaS‚
1363 1671 1546 1723 alleluia.
1573 1671 1624 1711 R.
1643 1671 1701 1712 Et
1720 1669 1915 1712 ostendit

1078 1729 1142 1770 illi
1159 1742 1343 1780 regnum
1361 1729 1456 1779 Dei,
1476 1727 1660 1780 alleluia.

1132 1791 1174 1825 In
1197 1790 1224 1824 Ι.
1248 1789 1448 1824 Nocturno
1479 1787 1621 1829 legitur
1646 1787 1797 1821 initium
1825 1787 1915 1830 Epi—

1082 1840 1194 1874 stola:
1218 1838 1355 1881 primae
1380 1837 1420 1871 B.
1446 1836 1629 1873 Joannis.
1653 1840 1694 1869 ut
1720 1835 1757 1869 in
1782 1835 1913 1870 Domi—

1082 1888 1167 1921 nica
1202 1886 1300 1920 infra
1337 1885 1524 1919 Octavam
1552 1883 1808 1918 Aseensionis
1839 1886 1916 1930 333,

1083 1935 1157 1969 nisi
1181 1945 1226 1968 eo
1248 1939 1420 1976 tempore
1437 1933 1589 1974 legatur
1606 1932 1652 1965 de
1673 1931 1774 1965 libro
1792 1931 1914 1974 Apoc.

1083 1983 1145 2017 vel
1171 1982 1217 2017 de
1243 1982 1325 2022 cius
1348 1981 1485 2024 Epist..
1520 1985 1609 2014 tunc
1642 1979 1743 2013 enim
1767 1989 1915 2022 ponun-

1083 2036 1143 2065 tur
1169 2031 1373 2065 Lectiones
1397 2039 1442 2063 ρο
1467 2029 1530 2062 die
1555 2032 1810 2062 occurrentes.

1310 2109 1358 2147 In
1386 2108 1436 2147 ΙΙ.
1466 2108 1691 2147 Nocturno.

1084 2175 1153 2217 Ex
1170 2175 1284 2217 libro
1305 2175 1445 2217 sancti
1458 2174 1720 2227 Hieronymi
1733 2173 1918 2226 Presby-

1219 2232 1303 2273 teri
1322 2235 1476 2273 contra
1495 2231 1520 2272 J
1523 2231 1786 2274 ovinianum.

1188 2293 1341 2335 Lcctio
1362 2293 1415 2333 iv.
1675 2290 1768 2331 Lib.
1784 2291 1813 2330 1.

1201 2358 1367 2399 oannes
1382 2355 1639 2408 Apostolus,
1657 2367 1770 2396 unus
1788 2367 1843 2396 ex
1860 2353 1920 2395 di-

1219 2412 1399 2465 scipulis
1413 2411 1601 2462 Domini,
1622 2411 1698 2463 qui
1715 2409 1926 2451 minimus

1102 2475 1112 2484 *
1156 2462 1192 2488 '²⁴
1218 2467 1669 2510 natutraditurfuisse
1679 2466 1792 2508 inter
1803 2465 1921 2518 Apo-

1090 2524 1246 2574 stolos,
1266 2529 1310 2566 et
1330 2537 1463 2576 quem
1481 2522 1592 2564 fides
1614 2522 1775 2564 Christi
1794 2522 1922 2572 virgi-

1089 2594 1189 2623 nem
1207 2582 1444 2633 repererat,
1463 2579 1588 2630 virgo
1603 2578 1859 2631 permansit:
1879 2583 1923 2620 et

1089 2637 1191 2679 ideo
1212 2636 1312 2689 plus
1331 2637 1503 2677 amatur
1522 2647 1548 2676 a
1565 2635 1774 2683 DominO,
1795 2639 1840 2676 et
1857 2647 1922 2676 re-

1094 2692 1260 2734 cumbit
1279 2704 1413 2744 super
1432 2695 1588 2744 pectus
1602 2691 1626 2732 J
1629 2703 1720 2733 esu:
1740 2695 1784 2733 et
1804 2689 1925 2744 quod
