2066 2956
212 202 313 246 [180]

824 206 999 240 Officium
1024 202 1307 240 Defunctoru'm.

214 303 400 349 exutam,
418 299 462 339 in
479 300 655 340 aeternae
674 298 925 341 salvationis
941 313 1036 352 par·

212 363 301 399 tem
319 358 510 398 restitue.
538 355 622 398 Per
640 355 888 398 Dominum.

268 410 316 461 V.
347 412 563 465 Requiem
595 414 803 454 aeternam
831 412 947 455 dona
975 414 1036 455 eis

213 470 411 511 Domine.
460 472 506 522 Ιςι.
541 469 597 511 Et
627 468 702 510 lux
732 471 945 523 perpetua
975 470 1035 511 lu-

214 532 311 568 ceat
330 527 403 568 eis.

260 578 309 630 Y.
326 583 622 636 Requiescant
631 583 675 624 in
685 596 805 636 pace.
830 586 877 636 Rg.
885 584 1037 625 Amen.

372 669 459 710 Ad
490 668 874 710 matutinum.

270 735 392 775 Iuvit.
427 736 596 786 Regem,
620 734 689 776 cui
710 734 854 776 omnia
875 734 1036 784 vivunt,

218 794 238 818 ‘¹
255 791 414 833 Venite
433 790 676 833 adoremus.

269 849 508 901 Repetitur.
561 849 740 898 Regem,
785 847 855 889 cui
893 846 1037 889 omnia

213 903 373 954 vivunt,
392 906 535 946 venite
556 904 800 946 adoremus.

270 961 335 1000 Ps.
357 961 520 1010 Vem'te,
541 960 816 1002 exsultemus.
834 961 871 1001 2.

272 1017 322 1057 Et
360 1017 399 1056 in
438 1019 539 1059 fine:
588 1017 794 1070 Requiem
829 1018 1037 1058 aeternam

214 1073 329 1115 dona
352 1073 414 1115 eis
432 1074 636 1115 Domine:
661 1078 705 1116 et
727 1074 801 1115 lux
824 1076 1037 1127 perpetua

212 1130 356 1172 luceat
375 1130 448 1172 eis.

269 1204 350 1238 lloc
376 1204 641 1238 Invitatorium
667 1204 806 1238 dicitur
830 1208 975 1239 tantum
1000 1205 1037 1238 in

217 1252 277 1286 die
309 1252 694 1286 Commemorationis
729 1252 897 1287 omnium
929 1252 1037 1286 Fide-

216 1300 307 1334 lium
336 1300 625 1342 Dcffinctorum,
659 1306 694 1335 ct
725 1300 763 1334 in
794 1300 855 1335 die
886 1300 1037 1344 deposi-

215 1348 331 1382 tionis
356 1347 549 1382 Defuncti:
580 1348 718 1391 quibus
747 1348 883 1383 diebus
909 1349 1037 1383 dicun-

215 1400 275 1430 tur
299 1400 374 1430 tres
400 1395 634 1438 infrascripti
659 1395 860 1439 Nocturni,
891 1400 927 1431 ct
950 1397 1037 1431 Ant.

215 1444 468 1487 duplicantur.
510 1444 610 1477 Aliis
635 1445 873 1487 temporibus
899 1444 1038 1479 dicitur

214 1495 359 1526 tantum
383 1502 499 1526 unum
524 1491 761 1526 Nocturnum
791 1503 875 1526 cum
900 1493 1037 1527 Laudi—

213 1541 295 1582 bus
321 1540 393 1574 hoc
419 1540 567 1573 ordine:
592 1540 704 1574 Feria
727 1540 773 1574 Π.
797 1545 832 1575 et
850 1541 893 1575 V.
917 1541 943 1575 Ι.
961 1541 1036 1576 No-

214 1594 401 1626 cturnum;
428 1587 538 1621 Feriu
562 1587 626 1621 ΙΙΙ.
652 1592 687 1622 et
712 1588 783 1625 VI„
809 1589 853 1622 ΙΙ.
876 1589 1037 1624 Noctur-

212 1646 315 1671 num:
343 1635 455 1669 Fcria
479 1635 540 1669 IV.
567 1639 603 1669 et
627 1635 813 1678 sabbato,
837 1636 900 1671 111.
926 1637 1035 1672 Noct.

456 1703 504 1742 In
523 1703 552 1741 Ι.
572 1703 794 1743 Nocturno.

394 1770 476 1804 Pro
506 1770 635 1805 Fcria
664 1771 711 1805 II.
742 1775 782 1805 et
810 1771 853 1805 V.

267 1822 365 1862 Ant.
381 1820 529 1871 Dirige
544 1821 568 1847 *
582 1820 768 1862 Domine
779 1821 900 1862 Deus
914 1834 1037 1863 meus

212 1875 255 1916 in
275 1879 514 1929 conspectu
531 1882 608 1919 tuo
628 1877 743 1918 viam
761 1890 913 1919 meam.

496 1941 690 1981 Psalmus
719 1942 755 1981 5.

225 2023 230 2049 3
259 1992 472 2048 -Jslaserba
506 2006 605 2035 mea
644 1993 820 2035 auribus
858 1994 1035 2047 percipe

314 2035 351 2106 Ag
382 2049 584 2099 Domine,
612 2050 635 2075 *
660 2050 851 2101 intellige
878 2050 1033 2093 elamo-

357 2128 359 2130 ·
382 2119 475 2148 rem
501 2119 655 2148 meum.
1015 2159 1017 2162 Ι

262 2161 445 2204 Intende
481 2163 579 2204 voci
616 2162 824 2205 orationis
862 2176 983 2214 meae,
1010 2165 1034 2190 *

211 2217 309 2259 Rex
335 2231 457 2261 meus
486 2224 529 2261 et
555 2219 675 2261 Deus
701 2232 834 2261 meus.

264 2274 477 2325 Quoniam
496 2275 552 2317 ad
571 2280 615 2318 te
635 2275 787 2318 orabo:
805 2276 828 2301 *
846 2276 1033 2319 Domine

212 2343 338 2372 mane
366 2331 572 2374 exaudies
599 2345 754 2374 vocem
780 2345 932 2374 meam.

263 2386 390 2429 Mane
426 2388 580 2431 astabo
613 2388 693 2430 tibi
727 2394 770 2431 et
802 2388 975 2431 videbo:
1009 2390 1033 2416 *

215 2443 416 2494 quoniam
442 2457 530 2486 non
556 2445 676 2487 Deus
703 2445 855 2487 volens
882 2445 1032 2499 iniqui-

212 2500 347 2540 tatem
374 2505 420 2542 tu
448 2514 505 2542 es.

264 2554 418 2608 Neque
449 2557 662 2600 habitabit
692 2558 810 2610 juxta
840 2562 884 2600 te
915 2558 1032 2599 mali-

213 2622 337 2660 gnus:
355 2613 378 2638 *
397 2626 538 2666 neque
555 2614 871 2667 permanebunt
889 2614 1032 2666 injusti

214 2671 313 2708 ante
342 2668 492 2710 oculos
517 2675 628 2712 tuos.

266 2722 407 2765 Odisti
426 2737 586 2776 omnes
612 2728 685 2779 qui
704 2729 939 2780 operantur
958 2727 1031 2767 ini-

1091 300 1315 352 quitatem:
1334 302 1358 327 *
1376 300 1536 354 perdes
1560 314 1721 351 omnes,
1750 302 1824 355 qui
1849 302 1909 344 lo-

1091 360 1280 409 quuntur
1307 357 1591 399 mendacium.

1139 413 1295 455 Virum
1331 414 1587 465 sanguinum
1626 419 1669 456 et
1709 414 1911 456 dolosum

1089 469 1407 513 abominabitur
1425 470 1653 512 Dominus:
1679 471 1703 497 *
1731 483 1814 522 ego
1839 484 1910 513 au-

1088 531 1177 569 tem
1211 527 1256 568 in
1290 526 1566 570 multitudine
1599 527 1911 570 misericordiae

1087 587 1186 625 tuae.

1139 639 1336 682 Introibo
1363 639 1408 680 in
1435 638 1614 682 domum
1639 645 1772 682 tuam:
1795 641 1819 667 *
1838 640 1910 682 ad-

1089 695 1226 738 orabo
1255 695 1312 738 ad
1333 695 1544 748 templum
1567 701 1765 739 sanctum
1788 701 1911 739 tuum

1087 751 1131 793 in
1158 752 1315 794 timore
1342 757 1431 794 tuo.

1139 808 1325 850 Domine
1341 807 1483 850 deduc
1496 821 1567 850 me
1583 807 1627 849 in
1645 808 1806 860 justitia
1822 813 1911 851 tua:

1088 865 1111 890 *
1133 870 1316 917 propter
1338 865 1535 906 inimicos
1557 877 1680 906 meos
1705 864 1844 917 dirige
1867 865 1912 907 in

1089 923 1327 974 conspectu
1353 925 1429 963 tuo
1457 921 1573 963 viam
1598 933 1751 963 meam.

1140 977 1355 1028 Quoniam
1376 990 1464 1019 non
1492 982 1559 1019 est
1583 977 1628 1018 in
1656 990 1733 1019 ore
1760 979 1912 1020 eorum

1088 1034 1261 1076 veritas:
1288 1034 1313 1060 *
1341 1047 1418 1076 cor
1445 1036 1596 1076 eorum
1622 1047 1782 1076 vanum
1808 1039 1885 1076 est.

1140 1090 1427 1143 Sepulchrum
1466 1095 1621 1143 patens
1662 1095 1729 1133 est
1763 1095 1911 1142 guttur

1089 1150 1250 1197 eorum,
1269 1146 1425 1198 linguis
1440 1147 1528 1188 suis
1544 1146 1697 1189 dolose
1713 1146 1911 1199 agebant,

1087 1204 1111 1230 *
1138 1203 1280 1255 judica
1306 1203 1405 1246 illos
1431 1203 1563 1245 Deus.

1138 1259 1355 1302 Decidant
1386 1273 1412 1302 a
1443 1259 1778 1311 cogitationibus
1810 1260 1910 1310 suis

1088 1316 1328 1359 secandum
1362 1316 1683 1358 multitudinem
1714 1316 1910 1370 impieta-

1086 1379 1180 1416 tum
1199 1375 1351 1415 eorum
1369 1372 1539 1426 expelle
1559 1385 1646 1423 e05‚
1662 1373 1687 1399 *
1706 1373 1911 1426 quoniam

1087 1430 1365 1472 irritaverunt
1390 1434 1435 1472 te
1461 1429 1659 1471 Domine.

1138 1486 1195 1528 Et
1220 1486 1421 1528 laetentur
1449 1498 1611 1536 omnes
1641 1486 1714 1538 qui
1734 1490 1912 1539 sperant

1086 1543 1130 1584 in
1161 1547 1220 1592 te,
1248 1543 1271 1568 *
1298 1543 1343 1584 in
1374 1544 1586 1585 aeternum
1618 1541 1910 1585 exsultabunt:

1088 1604 1132 1641 et
1157 1598 1374 1641 habitabis
1401 1599 1446 1640 in
1473 1599 1546 1640 eis.

1138 1656 1195 1697 Et
1212 1655 1514 1706 gloriabuntur
1531 1655 1576 1696 in
1593 1660 1638 1698 te
1657 1667 1819 1706 omnes,
1837 1655 1911 1708 qui

1087 1711 1271 1762 diligunt
1301 1724 1461 1753 nomen
1490 1717 1627 1762 tuum,
1654 1712 1678 1738 *
1707 1711 1911 1765 quoniam

1086 1773 1134 1810 tu
1160 1767 1393 1810 benedices
1421 1768 1545 1820 justo.

1138 1824 1339 1874 Domine,
1370 1829 1419 1866 ut
1450 1829 1574 1866 scuto
1604 1824 1734 1866 bonae
1761 1824 1909 1866 volun-

1085 1881 1188 1923 tatis
1215 1885 1304 1922 tuae
1330 1881 1354 1907 *
1382 1881 1604 1923 coronasti
1628 1894 1720 1923 nos.

1138 1937 1353 1990 Requiem
1380 1939 1598 1979 aeternam.

1147 1993 1245 2032 Ant.
1266 1994 1412 2045 Dirige
1434 1994 1622 2036 Domine
1642 1994 1762 2036 Deus
1786 2006 1909 2036 meus

1085 2049 1129 2090 in
1147 2051 1388 2103 conspectu
1405 2055 1481 2092 tuo
1501 2050 1615 2092 viam
1634 2063 1787 2092 meam.

1146 2107 1245 2147 Ant.
1276 2108 1539 2149 Convertere
1573 2107 1596 2133 *
1627 2107 1835 2156 Domine,
1866 2110 1910 2148 et

1086 2162 1204 2214 eripe
1223 2162 1411 2204 animam
1426 2175 1583 2204 meam:
1603 2163 1808 2215 quoniam
1821 2175 1909 2204 non

1088 2224 1155 2260 est
1174 2219 1218 2259 in
1235 2224 1387 2269 morte,
1408 2219 1481 2272 qui
1500 2232 1668 2261 memor
1686 2220 1743 2262 sit
1760 2219 1834 2261 tui.

1376 2280 1572 2320 Psalmus
1591 2282 1628 2320 6.

1179 2332 1337 2382 omine,
1355 2345 1410 2374 ne
1429 2333 1472 2373 in
1490 2332 1637 2374 furore
1655 2338 1731 2374 tuo
1752 2334 1909 2384 arguas

1184 2401 1270 2438 me,
1294 2389 1317 2414 *
1341 2401 1483 2441 neque
1515 2389 1558 2429 in
1587 2389 1650 2430 ira
1677 2394 1752 2430 tua
1780 2390 1909 2430 corri-

1084 2445 1179 2498 pias
1197 2457 1278 2486 me.

1135 2501 1342 2543 Miserere
1372 2501 1459 2542 mei
1486 2500 1673 2542 Domine
1705 2500 1909 2552 quoniam

1084 2557 1280 2598 infirmus
1308 2570 1417 2598 sum:
1441 2559 1464 2584 *
1491 2570 1597 2598 sana
1622 2569 1693 2599 me
1721 2557 1909 2598 Domine

1086 2614 1290 2666 quoniam
1305 2613 1563 2655 conturbata
1578 2618 1678 2655 sunt
1689 2626 1790 2654 ossa
1801 2626 1909 2655 mea.

1136 2671 1192 2712 Et
1211 2671 1353 2712 anima
1371 2682 1469 2711 mea
1487 2669 1663 2712 turbata
1682 2674 1749 2711 est
1767 2669 1908 2711 valde:

1084 2729 1107 2754 *
1127 2727 1206 2769 sed
1224 2732 1272 2769 tu
1289 2727 1477 2768 Domine
1496 2725 1746 2779 usquequo?
