<?xml version="1.0" encoding="UTF-8"?>
<!DOCTYPE html PUBLIC "-//W3C//DTD XHTML 1.0 Transitional//EN"
    "http://www.w3.org/TR/xhtml1/DTD/xhtml1-transitional.dtd">
<html xmlns="http://www.w3.org/1999/xhtml" xml:lang="en" lang="en">
 <head>
  <title>
</title>
<meta http-equiv="Content-Type" content="text/html;charset=utf-8" />
  <meta name='ocr-system' content='tesseract 3.04.00' />
  <meta name='ocr-capabilities' content='ocr_page ocr_carea ocr_par ocr_line ocrx_word'/>
</head>
<body>
  <div class='ocr_page' id='page_1' title='image "./p2breviariumroma00cathuoft_0154.png"; bbox 0 0 2028 2892; ppageno 0'>
   <div class='ocr_carea' id='block_1_1' title="bbox 825 191 1224 235">
    <p class='ocr_par' dir='ltr' id='par_1_1' title="bbox 825 191 1224 235">
     <span class='ocr_line' id='line_1_1' title="bbox 825 191 1224 235; baseline -0.015 -6"><span class='ocrx_word' id='word_1_1' title='bbox 825 196 883 229; x_wconf 33' lang='lat' dir='ltr'>*xci</span> <span class='ocrx_word' id='word_1_2' title='bbox 910 191 1224 235; x_wconf 67' lang='lat' dir='ltr'>(Iomplctorium.</span> 
     </span>
    </p>
   </div>
   <div class='ocr_carea' id='block_1_2' title="bbox 171 293 997 511">
    <p class='ocr_par' dir='ltr' id='par_1_2' title="bbox 171 293 997 453">
     <span class='ocr_line' id='line_1_2' title="bbox 221 293 996 349; baseline -0.008 -12"><span class='ocrx_word' id='word_1_3' title='bbox 221 295 267 345; x_wconf 50' lang='grc' dir='ltr'>δ”.</span> <span class='ocrx_word' id='word_1_4' title='bbox 311 297 587 349; x_wconf 77' lang='lat' dir='ltr'>Adjuterium</span> <span class='ocrx_word' id='word_1_5' title='bbox 620 299 818 336; x_wconf 90' lang='lat' dir='ltr'>nostrum</span> <span class='ocrx_word' id='word_1_6' title='bbox 851 293 894 333; x_wconf 94' lang='lat' dir='ltr'>in</span> <span class='ocrx_word' id='word_1_7' title='bbox 922 294 996 332; x_wconf 78' lang='lat' dir='ltr'>ne·</span> 
     </span>
     <span class='ocr_line' id='line_1_3' title="bbox 171 348 997 404; baseline -0.011 -7"><span class='ocrx_word' id='word_1_8' title='bbox 171 356 284 397; x_wconf 87' lang='lat' dir='ltr'>mine</span> <span class='ocrx_word' id='word_1_9' title='bbox 307 354 493 395; x_wconf 74' lang='lat' dir='ltr'>Demini.</span> <span class='ocrx_word' id='word_1_10' title='bbox 531 354 575 404; x_wconf 59' lang='lat' dir='ltr'>Ru</span> <span class='ocrx_word' id='word_1_11' title='bbox 605 352 688 401; x_wconf 88' lang='lat' dir='ltr'>Qui</span> <span class='ocrx_word' id='word_1_12' title='bbox 714 350 815 392; x_wconf 89' lang='lat' dir='ltr'>fecit</span> <span class='ocrx_word' id='word_1_13' title='bbox 836 348 997 391; x_wconf 86' lang='lat' dir='ltr'>coelum</span> 
     </span>
     <span class='ocr_line' id='line_1_4' title="bbox 172 417 405 453; baseline -0.013 0"><span class='ocrx_word' id='word_1_14' title='bbox 172 417 215 453; x_wconf 88' lang='lat' dir='ltr'>et</span> <span class='ocrx_word' id='word_1_15' title='bbox 233 417 405 452; x_wconf 86' lang='lat' dir='ltr'>terram.</span> 
     </span>
    </p>

    <p class='ocr_par' dir='ltr' id='par_1_3' title="bbox 231 473 988 511">
     <span class='ocr_line' id='line_1_5' title="bbox 231 473 988 511; baseline -0.016 1"><span class='ocrx_word' id='word_1_16' title='bbox 231 476 338 511; x_wconf 82' lang='lat' dir='ltr'>l‘ater</span> <span class='ocrx_word' id='word_1_17' title='bbox 360 479 502 510; x_wconf 86' lang='lat' dir='ltr'>noster.</span> <span class='ocrx_word' id='word_1_18' title='bbox 523 473 662 506; x_wconf 83' lang='lat' dir='ltr'>dicitnr</span> <span class='ocrx_word' id='word_1_19' title='bbox 686 477 804 504; x_wconf 82' lang='lat' dir='ltr'>totum</span> <span class='ocrx_word' id='word_1_20' title='bbox 832 476 988 503; x_wconf 76' lang='lat' dir='ltr'>secreto.</span> 
     </span>
    </p>
   </div>
   <div class='ocr_carea' id='block_1_3' title="bbox 270 531 891 615">
    <p class='ocr_par' dir='ltr' id='par_1_4' title="bbox 270 531 891 615">
     <span class='ocr_line' id='line_1_6' title="bbox 270 531 891 568; baseline -0.01 0"><span class='ocrx_word' id='word_1_21' title='bbox 270 535 412 568; x_wconf 70' lang='lat' dir='ltr'>Deinde</span> <span class='ocrx_word' id='word_1_22' title='bbox 443 532 778 567; x_wconf 69' lang='lat' dir='ltr'>llcbdomadarius</span> <span class='ocrx_word' id='word_1_23' title='bbox 805 531 891 563; x_wconf 65' lang='lat' dir='ltr'>fucit</span> 
     </span>
     <span class='ocr_line' id='line_1_7' title="bbox 429 581 732 615; baseline -0.007 -2"><span class='ocrx_word' id='word_1_24' title='bbox 429 581 732 615; x_wconf 61' lang='lat' dir='ltr'>confessionem.</span> 
     </span>
    </p>
   </div>
   <div class='ocr_carea' id='block_1_4' title="bbox 167 630 996 736">
    <p class='ocr_par' dir='ltr' id='par_1_5' title="bbox 167 630 996 736">
     <span class='ocr_line' id='line_1_8' title="bbox 167 630 996 736; baseline -0.007 -56"><span class='ocrx_word' id='word_1_25' title='bbox 167 630 436 736; x_wconf 81' lang='lat' dir='ltr'>Confiteor</span> <span class='ocrx_word' id='word_1_26' title='bbox 463 638 570 679; x_wconf 56' lang='lat' dir='ltr'>Deo*</span> <span class='ocrx_word' id='word_1_27' title='bbox 589 635 893 688; x_wconf 88' lang='lat' dir='ltr'>omnipotenti,</span> <span class='ocrx_word' id='word_1_28' title='bbox 925 634 996 675; x_wconf 91' lang='lat' dir='ltr'>be-</span> 
     </span>
    </p>
   </div>
   <div class='ocr_carea' id='block_1_5' title="bbox 257 690 997 745">
    <p class='ocr_par' dir='ltr' id='par_1_6' title="bbox 257 690 997 745">
     <span class='ocr_line' id='line_1_9' title="bbox 257 690 997 745; baseline -0.008 -9"><span class='ocrx_word' id='word_1_29' title='bbox 257 698 341 736; x_wconf 72' lang='lat' dir='ltr'>zitae</span> <span class='ocrx_word' id='word_1_30' title='bbox 361 695 511 735; x_wconf 87' lang='lat' dir='ltr'>Mariae</span> <span class='ocrx_word' id='word_1_31' title='bbox 535 705 709 745; x_wconf 84' lang='lat' dir='ltr'>semper</span> <span class='ocrx_word' id='word_1_32' title='bbox 728 691 907 741; x_wconf 86' lang='lat' dir='ltr'>Virgini,</span> <span class='ocrx_word' id='word_1_33' title='bbox 925 690 997 731; x_wconf 91' lang='lat' dir='ltr'>be-</span> 
     </span>
    </p>
   </div>
   <div class='ocr_carea' id='block_1_6' title="bbox 172 746 1063 798">
    <p class='ocr_par' dir='ltr' id='par_1_7' title="bbox 172 746 1063 798">
     <span class='ocr_line' id='line_1_10' title="bbox 172 746 1063 798; baseline -0.007 -6"><span class='ocrx_word' id='word_1_34' title='bbox 172 754 244 792; x_wconf 67' lang='lat' dir='ltr'>zito</span> <span class='ocrx_word' id='word_1_35' title='bbox 284 750 485 791; x_wconf 88' lang='lat' dir='ltr'>Michaeli</span> <span class='ocrx_word' id='word_1_36' title='bbox 522 747 821 798; x_wconf 63' lang='lat' dir='ltr'>Archangelo,</span> <span class='ocrx_word' id='word_1_37' title='bbox 865 746 997 788; x_wconf 61' lang='lat' dir='ltr'>beeto</span> <span class='ocrx_word' id='word_1_38' title='bbox 1054 755 1063 777; x_wconf 71' lang='lat'>«¹</span> 
     </span>
    </p>
   </div>
   <div class='ocr_carea' id='block_1_7' title="bbox 170 802 998 969">
    <p class='ocr_par' dir='ltr' id='par_1_8' title="bbox 170 802 998 969">
     <span class='ocr_line' id='line_1_11' title="bbox 170 802 998 859; baseline -0.007 -11"><span class='ocrx_word' id='word_1_39' title='bbox 170 808 193 847; x_wconf 91' lang='lat' dir='ltr'>J</span> <span class='ocrx_word' id='word_1_40' title='bbox 198 808 327 848; x_wconf 69' lang='lat' dir='ltr'>oanni</span> <span class='ocrx_word' id='word_1_41' title='bbox 346 807 571 859; x_wconf 86' lang='lat' dir='ltr'>Baptistae,</span> <span class='ocrx_word' id='word_1_42' title='bbox 592 804 752 846; x_wconf 85' lang='lat' dir='ltr'>sanctis</span> <span class='ocrx_word' id='word_1_43' title='bbox 768 802 998 855; x_wconf 77' lang='lat' dir='ltr'>Apestolis</span> 
     </span>
     <span class='ocr_line' id='line_1_12' title="bbox 170 859 997 910; baseline -0.007 -5"><span class='ocrx_word' id='word_1_44' title='bbox 170 865 302 905; x_wconf 91' lang='lat' dir='ltr'>Petro</span> <span class='ocrx_word' id='word_1_45' title='bbox 332 868 375 904; x_wconf 93' lang='lat' dir='ltr'>et</span> <span class='ocrx_word' id='word_1_46' title='bbox 401 862 555 910; x_wconf 86' lang='lat' dir='ltr'>Paulo,</span> <span class='ocrx_word' id='word_1_47' title='bbox 586 859 787 901; x_wconf 73' lang='lat' dir='ltr'>Omnibus</span> <span class='ocrx_word' id='word_1_48' title='bbox 815 859 997 908; x_wconf 85' lang='lat' dir='ltr'>Sanctis,</span> 
     </span>
     <span class='ocr_line' id='line_1_13' title="bbox 171 915 998 969; baseline -0.007 -8"><span class='ocrx_word' id='word_1_49' title='bbox 171 925 215 961; x_wconf 86' lang='lat' dir='ltr'>et</span> <span class='ocrx_word' id='word_1_50' title='bbox 228 919 354 961; x_wconf 83' lang='lat' dir='ltr'>vobis</span> <span class='ocrx_word' id='word_1_51' title='bbox 369 919 539 959; x_wconf 83' lang='lat' dir='ltr'>fratres:</span> <span class='ocrx_word' id='word_1_52' title='bbox 559 917 660 969; x_wconf 81' lang='lat' dir='ltr'>quia</span> <span class='ocrx_word' id='word_1_53' title='bbox 674 916 856 969; x_wconf 67' lang='lat' dir='ltr'>peccavi</span> <span class='ocrx_word' id='word_1_54' title='bbox 870 915 998 955; x_wconf 87' lang='lat' dir='ltr'>nimis</span> 
     </span>
    </p>
   </div>
   <div class='ocr_carea' id='block_1_8' title="bbox 171 973 1061 1026">
    <p class='ocr_par' dir='ltr' id='par_1_9' title="bbox 171 973 1061 1026">
     <span class='ocr_line' id='line_1_14' title="bbox 171 973 1061 1026; baseline -0.004 -9"><span class='ocrx_word' id='word_1_55' title='bbox 171 976 451 1026; x_wconf 70' lang='lat' dir='ltr'>cogitatione,</span> <span class='ocrx_word' id='word_1_56' title='bbox 480 973 616 1015; x_wconf 82' lang='lat' dir='ltr'>verbo</span> <span class='ocrx_word' id='word_1_57' title='bbox 644 978 687 1014; x_wconf 91' lang='lat' dir='ltr'>et</span> <span class='ocrx_word' id='word_1_58' title='bbox 717 975 867 1025; x_wconf 80' lang='lat' dir='ltr'>epere:</span> <span class='ocrx_word' id='word_1_59' title='bbox 899 984 997 1012; x_wconf 86' lang='lat' dir='ltr'>mea</span> <span class='ocrx_word' id='word_1_60' title='bbox 1055 1009 1061 1013; x_wconf 82' lang='lat'>.</span> 
     </span>
    </p>
   </div>
   <div class='ocr_carea' id='block_1_9' title="bbox 170 1028 998 1763">
    <p class='ocr_par' dir='ltr' id='par_1_10' title="bbox 170 1028 998 1763">
     <span class='ocr_line' id='line_1_15' title="bbox 171 1028 998 1084; baseline -0.007 -11"><span class='ocrx_word' id='word_1_61' title='bbox 171 1032 322 1084; x_wconf 84' lang='lat' dir='ltr'>culpa,</span> <span class='ocrx_word' id='word_1_62' title='bbox 362 1044 460 1072; x_wconf 83' lang='lat' dir='ltr'>mea</span> <span class='ocrx_word' id='word_1_63' title='bbox 491 1030 640 1082; x_wconf 83' lang='lat' dir='ltr'>culpa,</span> <span class='ocrx_word' id='word_1_64' title='bbox 676 1042 775 1070; x_wconf 82' lang='lat' dir='ltr'>mea</span> <span class='ocrx_word' id='word_1_65' title='bbox 807 1028 998 1068; x_wconf 61' lang='lat' dir='ltr'>maxima</span> 
     </span>
     <span class='ocr_line' id='line_1_16' title="bbox 171 1084 998 1140; baseline -0.006 -11"><span class='ocrx_word' id='word_1_66' title='bbox 171 1088 309 1140; x_wconf 87' lang='lat' dir='ltr'>culpa.</span> <span class='ocrx_word' id='word_1_67' title='bbox 338 1087 445 1129; x_wconf 90' lang='lat' dir='ltr'>Ideo</span> <span class='ocrx_word' id='word_1_68' title='bbox 460 1099 617 1139; x_wconf 86' lang='lat' dir='ltr'>precor</span> <span class='ocrx_word' id='word_1_69' title='bbox 627 1085 803 1127; x_wconf 65' lang='lat' dir='ltr'>beatam</span> <span class='ocrx_word' id='word_1_70' title='bbox 813 1084 998 1125; x_wconf 85' lang='lat' dir='ltr'>Mariam</span> 
     </span>
     <span class='ocr_line' id='line_1_17' title="bbox 171 1140 997 1196; baseline -0.006 -11"><span class='ocrx_word' id='word_1_71' title='bbox 171 1157 344 1196; x_wconf 85' lang='lat' dir='ltr'>semper</span> <span class='ocrx_word' id='word_1_72' title='bbox 357 1143 596 1193; x_wconf 83' lang='lat' dir='ltr'>Virginem,</span> <span class='ocrx_word' id='word_1_73' title='bbox 613 1141 792 1183; x_wconf 65' lang='lat' dir='ltr'>beatum</span> <span class='ocrx_word' id='word_1_74' title='bbox 810 1140 997 1182; x_wconf 85' lang='lat' dir='ltr'>Michae-</span> 
     </span>
     <span class='ocr_line' id='line_1_18' title="bbox 171 1197 997 1249; baseline -0.002 -10"><span class='ocrx_word' id='word_1_75' title='bbox 171 1199 256 1241; x_wconf 91' lang='lat' dir='ltr'>lem</span> <span class='ocrx_word' id='word_1_76' title='bbox 283 1198 625 1249; x_wconf 65' lang='lat' dir='ltr'>Archangelum,</span> <span class='ocrx_word' id='word_1_77' title='bbox 660 1197 839 1239; x_wconf 64' lang='lat' dir='ltr'>beatum</span> <span class='ocrx_word' id='word_1_78' title='bbox 868 1197 997 1237; x_wconf 67' lang='lat' dir='ltr'>Joen-</span> 
     </span>
     <span class='ocr_line' id='line_1_19' title="bbox 170 1253 998 1307; baseline -0.005 -10"><span class='ocrx_word' id='word_1_79' title='bbox 170 1269 270 1297; x_wconf 90' lang='lat' dir='ltr'>nem</span> <span class='ocrx_word' id='word_1_80' title='bbox 286 1256 540 1307; x_wconf 85' lang='lat' dir='ltr'>Baptistam,</span> <span class='ocrx_word' id='word_1_81' title='bbox 562 1259 738 1295; x_wconf 84' lang='lat' dir='ltr'>sanctos</span> <span class='ocrx_word' id='word_1_82' title='bbox 753 1253 998 1306; x_wconf 77' lang='lat' dir='ltr'>Apestolos</span> 
     </span>
     <span class='ocr_line' id='line_1_20' title="bbox 170 1310 998 1359; baseline -0.002 -8"><span class='ocrx_word' id='word_1_83' title='bbox 170 1312 347 1353; x_wconf 90' lang='lat' dir='ltr'>Petrum</span> <span class='ocrx_word' id='word_1_84' title='bbox 367 1316 410 1353; x_wconf 90' lang='lat' dir='ltr'>et</span> <span class='ocrx_word' id='word_1_85' title='bbox 424 1311 616 1359; x_wconf 84' lang='lat' dir='ltr'>Paulum,</span> <span class='ocrx_word' id='word_1_86' title='bbox 636 1323 788 1351; x_wconf 89' lang='lat' dir='ltr'>omnes</span> <span class='ocrx_word' id='word_1_87' title='bbox 802 1310 998 1358; x_wconf 84' lang='lat' dir='ltr'>Sanct0s‚</span> 
     </span>
     <span class='ocr_line' id='line_1_21' title="bbox 172 1364 998 1419; baseline -0.004 -10"><span class='ocrx_word' id='word_1_88' title='bbox 172 1373 215 1409; x_wconf 90' lang='lat' dir='ltr'>et</span> <span class='ocrx_word' id='word_1_89' title='bbox 243 1381 324 1409; x_wconf 82' lang='lat' dir='ltr'>vos</span> <span class='ocrx_word' id='word_1_90' title='bbox 356 1368 531 1416; x_wconf 85' lang='lat' dir='ltr'>fratres,</span> <span class='ocrx_word' id='word_1_91' title='bbox 563 1369 690 1407; x_wconf 69' lang='lat' dir='ltr'>orere</span> <span class='ocrx_word' id='word_1_92' title='bbox 725 1379 807 1419; x_wconf 91' lang='lat' dir='ltr'>pro</span> <span class='ocrx_word' id='word_1_93' title='bbox 839 1379 909 1407; x_wconf 90' lang='lat' dir='ltr'>me</span> <span class='ocrx_word' id='word_1_94' title='bbox 941 1364 998 1406; x_wconf 83' lang='lat' dir='ltr'>ad</span> 
     </span>
     <span class='ocr_line' id='line_1_22' title="bbox 170 1424 795 1465; baseline -0.003 -1"><span class='ocrx_word' id='word_1_95' title='bbox 170 1424 406 1465; x_wconf 67' lang='lat' dir='ltr'>Dominum</span> <span class='ocrx_word' id='word_1_96' title='bbox 425 1424 567 1465; x_wconf 89' lang='lat' dir='ltr'>Deum</span> <span class='ocrx_word' id='word_1_97' title='bbox 586 1427 795 1463; x_wconf 90' lang='lat' dir='ltr'>nostrum.</span> 
     </span>
     <span class='ocr_line' id='line_1_23' title="bbox 383 1487 782 1531; baseline 0.003 -13"><span class='ocrx_word' id='word_1_98' title='bbox 383 1487 533 1520; x_wconf 69' lang='lat' dir='ltr'>‹jhm-us</span> <span class='ocrx_word' id='word_1_99' title='bbox 560 1489 782 1531; x_wconf 69' lang='lat' dir='ltr'>respondet:</span> 
     </span>
     <span class='ocr_line' id='line_1_24' title="bbox 172 1536 997 1640; baseline -0.002 -58"><span class='ocrx_word' id='word_1_100' title='bbox 172 1536 488 1640; x_wconf 65' lang='lat' dir='ltr'>Misereetur</span> <span class='ocrx_word' id='word_1_101' title='bbox 502 1541 564 1581; x_wconf 91' lang='lat' dir='ltr'>tui</span> <span class='ocrx_word' id='word_1_102' title='bbox 576 1542 854 1592; x_wconf 88' lang='lat' dir='ltr'>omnipotens</span> <span class='ocrx_word' id='word_1_103' title='bbox 865 1539 997 1588; x_wconf 89' lang='lat' dir='ltr'>Deus,</span> 
     </span>
     <span class='ocr_line' id='line_1_25' title="bbox 294 1596 997 1649; baseline -0.003 -11"><span class='ocrx_word' id='word_1_104' title='bbox 294 1602 338 1638; x_wconf 87' lang='lat' dir='ltr'>et</span> <span class='ocrx_word' id='word_1_105' title='bbox 358 1597 546 1638; x_wconf 76' lang='lat' dir='ltr'>dimissis</span> <span class='ocrx_word' id='word_1_106' title='bbox 566 1596 761 1649; x_wconf 66' lang='lat' dir='ltr'>peccetis</span> <span class='ocrx_word' id='word_1_107' title='bbox 782 1596 883 1644; x_wconf 81' lang='lat' dir='ltr'>tuis,</span> <span class='ocrx_word' id='word_1_108' title='bbox 901 1608 997 1648; x_wconf 92' lang='lat' dir='ltr'>per-</span> 
     </span>
     <span class='ocr_line' id='line_1_26' title="bbox 171 1652 832 1694; baseline -0.003 0"><span class='ocrx_word' id='word_1_109' title='bbox 171 1653 303 1694; x_wconf 81' lang='lat' dir='ltr'>ducat</span> <span class='ocrx_word' id='word_1_110' title='bbox 321 1658 365 1694; x_wconf 88' lang='lat' dir='ltr'>te</span> <span class='ocrx_word' id='word_1_111' title='bbox 384 1652 440 1694; x_wconf 85' lang='lat' dir='ltr'>ad</span> <span class='ocrx_word' id='word_1_112' title='bbox 460 1653 593 1693; x_wconf 82' lang='lat' dir='ltr'>vitam</span> <span class='ocrx_word' id='word_1_113' title='bbox 613 1654 832 1694; x_wconf 75' lang='lat' dir='ltr'>aeternam.</span> 
     </span>
     <span class='ocr_line' id='line_1_27' title="bbox 228 1714 453 1763; baseline 0.009 -12"><span class='ocrx_word' id='word_1_114' title='bbox 228 1714 271 1763; x_wconf 56' lang='lat' dir='ltr'>Ry.</span> <span class='ocrx_word' id='word_1_115' title='bbox 301 1714 453 1754; x_wconf 90' lang='lat' dir='ltr'>Amen.</span> 
     </span>
    </p>
   </div>
   <div class='ocr_carea' id='block_1_10' title="bbox 172 1790 997 2268">
    <p class='ocr_par' dir='ltr' id='par_1_11' title="bbox 172 1790 997 1929">
     <span class='ocr_line' id='line_1_28' title="bbox 230 1790 996 1832; baseline 0.005 -10"><span class='ocrx_word' id='word_1_116' title='bbox 230 1790 374 1822; x_wconf 67' lang='lat' dir='ltr'>Deinde</span> <span class='ocrx_word' id='word_1_117' title='bbox 396 1791 526 1832; x_wconf 67' lang='lat' dir='ltr'>repetit</span> <span class='ocrx_word' id='word_1_118' title='bbox 549 1792 858 1827; x_wconf 62' lang='lat' dir='ltr'>(Isml&#39;cssitmciw</span> <span class='ocrx_word' id='word_1_119' title='bbox 878 1798 912 1826; x_wconf 80' lang='lat' dir='ltr'>ct</span> <span class='ocrx_word' id='word_1_120' title='bbox 932 1793 996 1826; x_wconf 74' lang='lat' dir='ltr'>ubi</span> 
     </span>
     <span class='ocr_line' id='line_1_29' title="bbox 172 1837 997 1882; baseline 0.005 -13"><span class='ocrx_word' id='word_1_121' title='bbox 172 1837 310 1870; x_wconf 73' lang='lat' dir='ltr'>dicitur</span> <span class='ocrx_word' id='word_1_122' title='bbox 326 1838 440 1873; x_wconf 87' lang='lat' dir='ltr'>vobis</span> <span class='ocrx_word' id='word_1_123' title='bbox 459 1839 606 1881; x_wconf 85' lang='lat' dir='ltr'>fratres,</span> <span class='ocrx_word' id='word_1_124' title='bbox 626 1845 661 1872; x_wconf 74' lang='lat' dir='ltr'>ct</span> <span class='ocrx_word' id='word_1_125' title='bbox 677 1849 749 1874; x_wconf 81' lang='lat' dir='ltr'>vos</span> <span class='ocrx_word' id='word_1_126' title='bbox 768 1839 915 1882; x_wconf 82' lang='lat' dir='ltr'>fratres,</span> <span class='ocrx_word' id='word_1_127' title='bbox 943 1841 997 1874; x_wconf 79' lang='lat' dir='ltr'>di-</span> 
     </span>
     <span class='ocr_line' id='line_1_30' title="bbox 172 1886 749 1929; baseline 0.007 -12"><span class='ocrx_word' id='word_1_128' title='bbox 172 1892 278 1918; x_wconf 73' lang='lat' dir='ltr'>catur</span> <span class='ocrx_word' id='word_1_129' title='bbox 294 1886 365 1921; x_wconf 89' lang='lat' dir='ltr'>tibi</span> <span class='ocrx_word' id='word_1_130' title='bbox 381 1886 504 1929; x_wconf 82' lang='lat' dir='ltr'>Pater,</span> <span class='ocrx_word' id='word_1_131' title='bbox 519 1892 553 1919; x_wconf 72' lang='lat' dir='ltr'>ct</span> <span class='ocrx_word' id='word_1_132' title='bbox 572 1891 609 1921; x_wconf 87' lang='lat' dir='ltr'>te</span> <span class='ocrx_word' id='word_1_133' title='bbox 627 1887 749 1922; x_wconf 79' lang='lat' dir='ltr'>Pater.</span> 
     </span>
    </p>

    <p class='ocr_par' dir='ltr' id='par_1_12' title="bbox 174 1949 997 2268">
     <span class='ocr_line' id='line_1_31' title="bbox 283 1949 886 1987; baseline 0.01 -6"><span class='ocrx_word' id='word_1_134' title='bbox 283 1949 394 1982; x_wconf 67' lang='lat' dir='ltr'>Facta</span> <span class='ocrx_word' id='word_1_135' title='bbox 421 1950 674 1984; x_wconf 54' lang='lat' dir='ltr'>(toust-ssione</span> <span class='ocrx_word' id='word_1_136' title='bbox 701 1962 719 1983; x_wconf 73' lang='lat' dir='ltr'>a</span> <span class='ocrx_word' id='word_1_137' title='bbox 747 1951 886 1987; x_wconf 72' lang='lat' dir='ltr'>Choro.</span> 
     </span>
     <span class='ocr_line' id='line_1_32' title="bbox 353 1997 819 2033; baseline 0.009 -4"><span class='ocrx_word' id='word_1_138' title='bbox 353 1997 686 2031; x_wconf 68' lang='lat' dir='ltr'>[lebdomudm-ins</span> <span class='ocrx_word' id='word_1_139' title='bbox 713 1999 819 2033; x_wconf 75' lang='lat' dir='ltr'>dicit:</span> 
     </span>
     <span class='ocr_line' id='line_1_33' title="bbox 280 2049 997 2103; baseline 0.004 -13"><span class='ocrx_word' id='word_1_140' title='bbox 280 2049 491 2090; x_wconf 63' lang='lat' dir='ltr'>isereiltur</span> <span class='ocrx_word' id='word_1_141' title='bbox 535 2050 667 2091; x_wconf 86' lang='lat' dir='ltr'>vestri</span> <span class='ocrx_word' id='word_1_142' title='bbox 717 2053 997 2103; x_wconf 89' lang='lat' dir='ltr'>omnipotens</span> 
     </span>
     <span class='ocr_line' id='line_1_34' title="bbox 292 2105 997 2159; baseline 0.006 -14"><span class='ocrx_word' id='word_1_143' title='bbox 292 2105 423 2154; x_wconf 87' lang='lat' dir='ltr'>Deus,</span> <span class='ocrx_word' id='word_1_144' title='bbox 442 2111 486 2146; x_wconf 89' lang='lat' dir='ltr'>et</span> <span class='ocrx_word' id='word_1_145' title='bbox 505 2105 693 2147; x_wconf 84' lang='lat' dir='ltr'>dimissis</span> <span class='ocrx_word' id='word_1_146' title='bbox 713 2108 908 2159; x_wconf 64' lang='lat' dir='ltr'>peccatis</span> <span class='ocrx_word' id='word_1_147' title='bbox 928 2122 997 2149; x_wconf 86' lang='lat' dir='ltr'>ve-</span> 
     </span>
     <span class='ocr_line' id='line_1_35' title="bbox 175 2160 997 2213; baseline 0.005 -12"><span class='ocrx_word' id='word_1_148' title='bbox 175 2161 290 2211; x_wconf 85' lang='lat' dir='ltr'>stris,</span> <span class='ocrx_word' id='word_1_149' title='bbox 310 2160 525 2213; x_wconf 80' lang='lat' dir='ltr'>perducat</span> <span class='ocrx_word' id='word_1_150' title='bbox 543 2175 624 2203; x_wconf 85' lang='lat' dir='ltr'>vos</span> <span class='ocrx_word' id='word_1_151' title='bbox 643 2162 700 2204; x_wconf 82' lang='lat' dir='ltr'>ad</span> <span class='ocrx_word' id='word_1_152' title='bbox 718 2163 851 2204; x_wconf 83' lang='lat' dir='ltr'>vitam</span> <span class='ocrx_word' id='word_1_153' title='bbox 874 2166 997 2205; x_wconf 87' lang='lat' dir='ltr'>aeter-</span> 
     </span>
     <span class='ocr_line' id='line_1_36' title="bbox 174 2218 532 2268; baseline 0.008 -12"><span class='ocrx_word' id='word_1_154' title='bbox 174 2229 283 2257; x_wconf 86' lang='lat' dir='ltr'>nam.</span> <span class='ocrx_word' id='word_1_155' title='bbox 314 2218 358 2268; x_wconf 61' lang='lat' dir='ltr'>lx&#39;g.</span> <span class='ocrx_word' id='word_1_156' title='bbox 379 2219 532 2259; x_wconf 89' lang='lat' dir='ltr'>Amen.</span> 
     </span>
    </p>
   </div>
   <div class='ocr_carea' id='block_1_11' title="bbox 174 2275 1000 2507">
    <p class='ocr_par' dir='ltr' id='par_1_13' title="bbox 174 2275 1000 2507">
     <span class='ocr_line' id='line_1_37' title="bbox 174 2275 999 2378; baseline 0.006 -53"><span class='ocrx_word' id='word_1_157' title='bbox 174 2275 540 2378; x_wconf 85' lang='lat' dir='ltr'>Indulgentiam,</span> <span class='ocrx_word' id='word_1_158' title='bbox 589 2287 910 2330; x_wconf 81' lang='lat' dir='ltr'>absolutionem</span> <span class='ocrx_word' id='word_1_159' title='bbox 956 2294 999 2330; x_wconf 90' lang='lat' dir='ltr'>et</span> 
     </span>
     <span class='ocr_line' id='line_1_38' title="bbox 245 2342 999 2395; baseline 0.008 -15"><span class='ocrx_word' id='word_1_160' title='bbox 245 2342 542 2384; x_wconf 77' lang='lat' dir='ltr'>remissienem</span> <span class='ocrx_word' id='word_1_161' title='bbox 591 2346 876 2395; x_wconf 82' lang='lat' dir='ltr'>peccatorum</span> <span class='ocrx_word' id='word_1_162' title='bbox 925 2358 999 2386; x_wconf 92' lang='lat' dir='ltr'>no-</span> 
     </span>
     <span class='ocr_line' id='line_1_39' title="bbox 177 2398 1000 2453; baseline 0.01 -18"><span class='ocrx_word' id='word_1_163' title='bbox 177 2399 365 2437; x_wconf 74' lang='lat' dir='ltr'>strerum</span> <span class='ocrx_word' id='word_1_164' title='bbox 388 2398 550 2440; x_wconf 83' lang='lat' dir='ltr'>tribuat</span> <span class='ocrx_word' id='word_1_165' title='bbox 570 2399 696 2441; x_wconf 90' lang='lat' dir='ltr'>nobis</span> <span class='ocrx_word' id='word_1_166' title='bbox 720 2403 1000 2453; x_wconf 89' lang='lat' dir='ltr'>omnipotens</span> 
     </span>
     <span class='ocr_line' id='line_1_40' title="bbox 177 2452 1000 2507; baseline 0.01 -16"><span class='ocrx_word' id='word_1_167' title='bbox 177 2456 220 2492; x_wconf 91' lang='lat' dir='ltr'>et</span> <span class='ocrx_word' id='word_1_168' title='bbox 242 2452 487 2495; x_wconf 74' lang='lat' dir='ltr'>misericors</span> <span class='ocrx_word' id='word_1_169' title='bbox 509 2455 732 2497; x_wconf 68' lang='lat' dir='ltr'>Dominus.</span> <span class='ocrx_word' id='word_1_170' title='bbox 773 2456 820 2507; x_wconf 65' lang='lat' dir='ltr'>R.</span> <span class='ocrx_word' id='word_1_171' title='bbox 846 2458 1000 2499; x_wconf 91' lang='lat' dir='ltr'>Amen.</span> 
     </span>
    </p>
   </div>
   <div class='ocr_carea' id='block_1_12' title="bbox 178 2525 999 2690">
    <p class='ocr_par' dir='ltr' id='par_1_14' title="bbox 178 2525 999 2690">
     <span class='ocr_line' id='line_1_41' title="bbox 234 2525 845 2569; baseline 0.008 -11"><span class='ocrx_word' id='word_1_172' title='bbox 234 2527 274 2560; x_wconf 78' lang='lat'>1:21</span> <span class='ocrx_word' id='word_1_173' title='bbox 303 2528 397 2560; x_wconf 65' lang='lat' dir='ltr'>fucta</span> <span class='ocrx_word' id='word_1_174' title='bbox 428 2529 679 2563; x_wconf 60' lang='lat' dir='ltr'>Absolutione</span> <span class='ocrx_word' id='word_1_175' title='bbox 706 2530 775 2563; x_wconf 72' lang='lat' dir='ltr'>dic.</span> <span class='ocrx_word' id='word_1_176' title='bbox 807 2525 845 2569; x_wconf 55' lang='lat' dir='ltr'>V.</span> 
     </span>
     <span class='ocr_line' id='line_1_42' title="bbox 178 2582 999 2690; baseline 0.011 -64"><span class='ocrx_word' id='word_1_177' title='bbox 178 2582 430 2690; x_wconf 75' lang='lat' dir='ltr'>Converte</span> <span class='ocrx_word' id='word_1_178' title='bbox 453 2603 533 2631; x_wconf 82' lang='lat' dir='ltr'>nos</span> <span class='ocrx_word' id='word_1_179' title='bbox 557 2593 676 2633; x_wconf 89' lang='lat' dir='ltr'>Deus</span> <span class='ocrx_word' id='word_1_180' title='bbox 700 2593 902 2634; x_wconf 66' lang='lat' dir='ltr'>saluteris</span> <span class='ocrx_word' id='word_1_181' title='bbox 925 2607 999 2635; x_wconf 92' lang='lat' dir='ltr'>no-</span> 
     </span>
    </p>
   </div>
   <div class='ocr_carea' id='block_1_13' title="bbox 177 2644 1000 2740">
    <p class='ocr_par' dir='ltr' id='par_1_15' title="bbox 177 2644 1000 2740">
     <span class='ocr_line' id='line_1_43' title="bbox 236 2644 1000 2740; baseline 0.01 -57"><span class='ocrx_word' id='word_1_182' title='bbox 236 2649 366 2740; x_wconf 77' lang='lat' dir='ltr'>bster.</span> <span class='ocrx_word' id='word_1_183' title='bbox 403 2644 446 2692; x_wconf 60' lang='lat' dir='ltr'>lx&#39;j-</span> <span class='ocrx_word' id='word_1_184' title='bbox 468 2647 520 2687; x_wconf 86' lang='lat' dir='ltr'>Et</span> <span class='ocrx_word' id='word_1_185' title='bbox 539 2650 685 2690; x_wconf 83' lang='lat' dir='ltr'>averte</span> <span class='ocrx_word' id='word_1_186' title='bbox 704 2650 813 2690; x_wconf 85' lang='lat' dir='ltr'>iram</span> <span class='ocrx_word' id='word_1_187' title='bbox 834 2655 953 2690; x_wconf 87' lang='lat' dir='ltr'>tuam</span> <span class='ocrx_word' id='word_1_188' title='bbox 976 2663 1000 2691; x_wconf 87' lang='lat' dir='ltr'>a</span> 
     </span>
     <span class='ocr_line' id='line_1_44' title="bbox 177 2712 314 2740; baseline 0.007 -2"><span class='ocrx_word' id='word_1_189' title='bbox 177 2712 233 2739; x_wconf 93' lang='lat' dir='ltr'>no</span> <span class='ocrx_word' id='word_1_190' title='bbox 268 2713 314 2740; x_wconf 80' lang='lat' dir='ltr'>is.</span> 
     </span>
    </p>
   </div>
   <div class='ocr_carea' id='block_1_14' title="bbox 1049 284 1883 503">
    <p class='ocr_par' dir='ltr' id='par_1_16' title="bbox 1049 284 1883 443">
     <span class='ocr_line' id='line_1_45' title="bbox 1101 284 1881 338; baseline -0.009 -7"><span class='ocrx_word' id='word_1_191' title='bbox 1101 288 1148 338; x_wconf 60' lang='lat' dir='ltr'>Y.</span> <span class='ocrx_word' id='word_1_192' title='bbox 1170 289 1291 330; x_wconf 92' lang='lat' dir='ltr'>Deus</span> <span class='ocrx_word' id='word_1_193' title='bbox 1311 289 1354 328; x_wconf 93' lang='lat' dir='ltr'>in</span> <span class='ocrx_word' id='word_1_194' title='bbox 1374 286 1638 338; x_wconf 73' lang='lat' dir='ltr'>adjutorium</span> <span class='ocrx_word' id='word_1_195' title='bbox 1655 297 1802 326; x_wconf 89' lang='lat' dir='ltr'>meum</span> <span class='ocrx_word' id='word_1_196' title='bbox 1821 284 1881 324; x_wconf 90' lang='lat' dir='ltr'>in-</span> 
     </span>
     <span class='ocr_line' id='line_1_46' title="bbox 1050 340 1883 398; baseline -0.006 -12"><span class='ocrx_word' id='word_1_197' title='bbox 1050 344 1192 386; x_wconf 80' lang='lat' dir='ltr'>tende.</span> <span class='ocrx_word' id='word_1_198' title='bbox 1221 348 1270 398; x_wconf 62' lang='lat' dir='ltr'>Rg.</span> <span class='ocrx_word' id='word_1_199' title='bbox 1299 344 1490 386; x_wconf 75' lang='lat' dir='ltr'>Demine</span> <span class='ocrx_word' id='word_1_200' title='bbox 1510 341 1567 383; x_wconf 87' lang='lat' dir='ltr'>ad</span> <span class='ocrx_word' id='word_1_201' title='bbox 1585 340 1883 398; x_wconf 64' lang='lat' dir='ltr'>adjuvandum</span> 
     </span>
     <span class='ocr_line' id='line_1_47' title="bbox 1049 401 1305 443; baseline -0.008 0"><span class='ocrx_word' id='word_1_202' title='bbox 1049 415 1120 443; x_wconf 91' lang='lat' dir='ltr'>me</span> <span class='ocrx_word' id='word_1_203' title='bbox 1136 401 1305 443; x_wconf 86' lang='lat' dir='ltr'>festina.</span> 
     </span>
    </p>

    <p class='ocr_par' dir='ltr' id='par_1_17' title="bbox 1099 460 1678 503">
     <span class='ocr_line' id='line_1_48' title="bbox 1099 460 1678 503; baseline -0.005 -1"><span class='ocrx_word' id='word_1_204' title='bbox 1099 461 1256 503; x_wconf 75' lang='lat' dir='ltr'>(lleria</span> <span class='ocrx_word' id='word_1_205' title='bbox 1271 461 1402 502; x_wconf 83' lang='lat' dir='ltr'>Patri.</span> <span class='ocrx_word' id='word_1_206' title='bbox 1429 460 1551 502; x_wconf 87' lang='lat' dir='ltr'>Sicut</span> <span class='ocrx_word' id='word_1_207' title='bbox 1572 462 1678 500; x_wconf 87' lang='lat' dir='ltr'>erat.</span> 
     </span>
    </p>
   </div>
   <div class='ocr_carea' id='block_1_15' title="bbox 1099 527 1845 644">
    <p class='ocr_par' dir='ltr' id='par_1_18' title="bbox 1099 527 1845 644">
     <span class='ocr_line' id='line_1_49' title="bbox 1102 527 1452 568; baseline -0.003 -1"><span class='ocrx_word' id='word_1_208' title='bbox 1102 530 1200 567; x_wconf 67' lang='lat' dir='ltr'>Ant.</span> <span class='ocrx_word' id='word_1_209' title='bbox 1229 527 1452 568; x_wconf 79' lang='lat' dir='ltr'>Miserere.</span> 
     </span>
     <span class='ocr_line' id='line_1_50' title="bbox 1099 587 1845 644; baseline -0.004 -13"><span class='ocrx_word' id='word_1_210' title='bbox 1099 593 1251 644; x_wconf 79' lang='lat' dir='ltr'>Temp.</span> <span class='ocrx_word' id='word_1_211' title='bbox 1274 591 1480 631; x_wconf 74' lang='lat' dir='ltr'>l&#39;aschuli.</span> <span class='ocrx_word' id='word_1_212' title='bbox 1512 591 1610 630; x_wconf 80' lang='lat' dir='ltr'>Ant.</span> <span class='ocrx_word' id='word_1_213' title='bbox 1647 587 1845 639; x_wconf 71' lang='lat' dir='ltr'>Alleluia.</span> 
     </span>
    </p>
   </div>
   <div class='ocr_carea' id='block_1_16' title="bbox 1049 660 1886 2294">
    <p class='ocr_par' dir='ltr' id='par_1_19' title="bbox 1054 660 1884 875">
     <span class='ocr_line' id='line_1_51' title="bbox 1336 660 1592 700; baseline -0.008 0"><span class='ocrx_word' id='word_1_214' title='bbox 1336 660 1534 700; x_wconf 63' lang='lat' dir='ltr'>psalmus</span> <span class='ocrx_word' id='word_1_215' title='bbox 1555 660 1592 698; x_wconf 75' lang='lat'>4.</span> 
     </span>
     <span class='ocr_line' id='line_1_52' title="bbox 1170 717 1884 816; baseline 0.004 -3.596"><span class='ocrx_word' id='word_1_216' title='bbox 1059 721 1527 778; x_wconf 62' lang='lat' dir='ltr'>mm</span> <span class='ocrx_word' id='word_1_217' title='bbox 1536 717 1784 816; x_wconf 43' lang='lat' dir='ltr'>1333&amp;ss</span> <span class='ocrx_word' id='word_1_218' title='bbox 1811 730 1884 815; x_wconf 53' lang='grc' dir='ltr'>ἓξ</span> 
     </span>
     <span class='ocr_line' id='line_1_53' title="bbox 1054 824 1758 875; baseline -0.006 0"><span class='ocrx_word' id='word_1_219' title='bbox 1054 824 1161 860; x_wconf 43' lang='grc' dir='ltr'>’ἓὶ-ἔὲ”</span> <span class='ocrx_word' id='word_1_220' title='bbox 1185 833 1410 875; x_wconf 78' lang='lat' dir='ltr'>bulatiene</span> <span class='ocrx_word' id='word_1_221' title='bbox 1430 831 1623 873; x_wconf 66' lang='lat' dir='ltr'>dilatasti</span> <span class='ocrx_word' id='word_1_222' title='bbox 1642 830 1758 871; x_wconf 86' lang='lat' dir='ltr'>mihi.</span> 
     </span>
    </p>

    <p class='ocr_par' dir='ltr' id='par_1_20' title="bbox 1050 886 1883 988">
     <span class='ocr_line' id='line_1_54' title="bbox 1101 886 1883 939; baseline -0.005 -8"><span class='ocrx_word' id='word_1_223' title='bbox 1101 890 1311 931; x_wconf 85' lang='lat' dir='ltr'>Miserere</span> <span class='ocrx_word' id='word_1_224' title='bbox 1329 889 1426 939; x_wconf 87' lang='lat' dir='ltr'>mei,</span> <span class='ocrx_word' id='word_1_225' title='bbox 1442 889 1466 914; x_wconf 85' lang='lat'>*</span> <span class='ocrx_word' id='word_1_226' title='bbox 1483 893 1526 929; x_wconf 90' lang='lat' dir='ltr'>et</span> <span class='ocrx_word' id='word_1_227' title='bbox 1546 886 1706 930; x_wconf 81' lang='lat' dir='ltr'>exaudi</span> <span class='ocrx_word' id='word_1_228' title='bbox 1724 887 1883 928; x_wconf 70' lang='lat' dir='ltr'>oratio-</span> 
     </span>
     <span class='ocr_line' id='line_1_55' title="bbox 1050 959 1324 988; baseline 0 -2"><span class='ocrx_word' id='word_1_229' title='bbox 1050 959 1150 987; x_wconf 92' lang='lat' dir='ltr'>nem</span> <span class='ocrx_word' id='word_1_230' title='bbox 1169 959 1324 988; x_wconf 82' lang='lat' dir='ltr'>meam.</span> 
     </span>
    </p>

    <p class='ocr_par' dir='ltr' id='par_1_21' title="bbox 1051 1000 1885 1167">
     <span class='ocr_line' id='line_1_56' title="bbox 1101 1000 1885 1053; baseline -0.001 -11"><span class='ocrx_word' id='word_1_231' title='bbox 1101 1003 1198 1043; x_wconf 90' lang='lat' dir='ltr'>Filii</span> <span class='ocrx_word' id='word_1_232' title='bbox 1229 1003 1457 1044; x_wconf 75' lang='lat' dir='ltr'>heminum</span> <span class='ocrx_word' id='word_1_233' title='bbox 1492 1004 1726 1053; x_wconf 77' lang='lat' dir='ltr'>usquequo</span> <span class='ocrx_word' id='word_1_234' title='bbox 1761 1000 1885 1051; x_wconf 86' lang='lat' dir='ltr'>gravi</span> 
     </span>
     <span class='ocr_line' id='line_1_57' title="bbox 1051 1056 1884 1111; baseline -0.002 -11"><span class='ocrx_word' id='word_1_235' title='bbox 1051 1058 1209 1100; x_wconf 87' lang='lat' dir='ltr'>corde?</span> <span class='ocrx_word' id='word_1_236' title='bbox 1220 1059 1244 1085; x_wconf 89' lang='lat'>*</span> <span class='ocrx_word' id='word_1_237' title='bbox 1256 1064 1305 1100; x_wconf 91' lang='lat' dir='ltr'>ut</span> <span class='ocrx_word' id='word_1_238' title='bbox 1320 1059 1426 1111; x_wconf 92' lang='lat' dir='ltr'>quid</span> <span class='ocrx_word' id='word_1_239' title='bbox 1443 1057 1622 1109; x_wconf 86' lang='lat' dir='ltr'>diligitis</span> <span class='ocrx_word' id='word_1_240' title='bbox 1634 1056 1884 1107; x_wconf 73' lang='lat' dir='ltr'>vanitatem,</span> 
     </span>
     <span class='ocr_line' id='line_1_58' title="bbox 1051 1111 1632 1167; baseline -0.003 -11"><span class='ocrx_word' id='word_1_241' title='bbox 1051 1119 1095 1156; x_wconf 88' lang='lat' dir='ltr'>et</span> <span class='ocrx_word' id='word_1_242' title='bbox 1115 1116 1310 1167; x_wconf 74' lang='lat' dir='ltr'>quaeritis</span> <span class='ocrx_word' id='word_1_243' title='bbox 1329 1111 1632 1157; x_wconf 67' lang='lat' dir='ltr'>mendacium?</span> 
     </span>
    </p>

    <p class='ocr_par' dir='ltr' id='par_1_22' title="bbox 1050 1169 1886 1382">
     <span class='ocr_line' id='line_1_59' title="bbox 1102 1169 1886 1223; baseline -0.004 -10"><span class='ocrx_word' id='word_1_244' title='bbox 1102 1172 1159 1213; x_wconf 89' lang='lat' dir='ltr'>Et</span> <span class='ocrx_word' id='word_1_245' title='bbox 1196 1173 1353 1213; x_wconf 78' lang='lat' dir='ltr'>scitete</span> <span class='ocrx_word' id='word_1_246' title='bbox 1393 1171 1602 1223; x_wconf 76' lang='lat' dir='ltr'>queniam</span> <span class='ocrx_word' id='word_1_247' title='bbox 1636 1169 1886 1211; x_wconf 64' lang='lat' dir='ltr'>mirificavit</span> 
     </span>
     <span class='ocr_line' id='line_1_60' title="bbox 1051 1226 1883 1269; baseline -0.004 0"><span class='ocrx_word' id='word_1_248' title='bbox 1051 1228 1266 1269; x_wconf 78' lang='lat' dir='ltr'>Deminus</span> <span class='ocrx_word' id='word_1_249' title='bbox 1295 1232 1496 1269; x_wconf 84' lang='lat' dir='ltr'>sanctum</span> <span class='ocrx_word' id='word_1_250' title='bbox 1521 1239 1663 1268; x_wconf 90' lang='lat' dir='ltr'>suum:</span> <span class='ocrx_word' id='word_1_251' title='bbox 1686 1226 1711 1252; x_wconf 81' lang='lat'>¹⁸¹</span> <span class='ocrx_word' id='word_1_252' title='bbox 1733 1226 1883 1267; x_wconf 76' lang='lat' dir='ltr'>Demi-</span> 
     </span>
     <span class='ocr_line' id='line_1_61' title="bbox 1050 1282 1884 1326; baseline -0.001 -2"><span class='ocrx_word' id='word_1_253' title='bbox 1050 1298 1133 1326; x_wconf 88' lang='lat' dir='ltr'>nus</span> <span class='ocrx_word' id='word_1_254' title='bbox 1163 1284 1370 1326; x_wconf 80' lang='lat' dir='ltr'>exaudiet</span> <span class='ocrx_word' id='word_1_255' title='bbox 1398 1297 1469 1326; x_wconf 92' lang='lat' dir='ltr'>me</span> <span class='ocrx_word' id='word_1_256' title='bbox 1502 1297 1603 1326; x_wconf 92' lang='lat' dir='ltr'>cum</span> <span class='ocrx_word' id='word_1_257' title='bbox 1634 1282 1884 1325; x_wconf 67' lang='lat' dir='ltr'>clamevero</span> 
     </span>
     <span class='ocr_line' id='line_1_62' title="bbox 1051 1340 1239 1382; baseline -0.005 0"><span class='ocrx_word' id='word_1_258' title='bbox 1051 1340 1109 1382; x_wconf 84' lang='lat' dir='ltr'>ad</span> <span class='ocrx_word' id='word_1_259' title='bbox 1128 1354 1239 1382; x_wconf 91' lang='lat' dir='ltr'>eum.</span> 
     </span>
    </p>

    <p class='ocr_par' dir='ltr' id='par_1_23' title="bbox 1051 1394 1884 1562">
     <span class='ocr_line' id='line_1_63' title="bbox 1102 1394 1884 1449; baseline -0.003 -11"><span class='ocrx_word' id='word_1_260' title='bbox 1102 1398 1361 1446; x_wconf 86' lang='lat' dir='ltr'>Irascimini,</span> <span class='ocrx_word' id='word_1_261' title='bbox 1394 1402 1438 1438; x_wconf 91' lang='lat' dir='ltr'>et</span> <span class='ocrx_word' id='word_1_262' title='bbox 1464 1396 1601 1438; x_wconf 88' lang='lat' dir='ltr'>nolite</span> <span class='ocrx_word' id='word_1_263' title='bbox 1628 1396 1832 1449; x_wconf 61' lang='lat' dir='ltr'>peccare:</span> <span class='ocrx_word' id='word_1_264' title='bbox 1859 1394 1884 1422; x_wconf 87' lang='lat'>*</span> 
     </span>
     <span class='ocr_line' id='line_1_64' title="bbox 1052 1451 1884 1506; baseline -0.004 -11"><span class='ocrx_word' id='word_1_265' title='bbox 1052 1466 1150 1506; x_wconf 84' lang='lat' dir='ltr'>quae</span> <span class='ocrx_word' id='word_1_266' title='bbox 1176 1453 1321 1495; x_wconf 88' lang='lat' dir='ltr'>dicitis</span> <span class='ocrx_word' id='word_1_267' title='bbox 1343 1454 1388 1494; x_wconf 89' lang='lat' dir='ltr'>in</span> <span class='ocrx_word' id='word_1_268' title='bbox 1411 1452 1620 1495; x_wconf 77' lang='lat' dir='ltr'>cerdibus</span> <span class='ocrx_word' id='word_1_269' title='bbox 1638 1452 1814 1502; x_wconf 84' lang='lat' dir='ltr'>vestris,</span> <span class='ocrx_word' id='word_1_270' title='bbox 1839 1451 1884 1492; x_wconf 91' lang='lat' dir='ltr'>in</span> 
     </span>
     <span class='ocr_line' id='line_1_65' title="bbox 1051 1508 1821 1562; baseline -0.003 -11"><span class='ocrx_word' id='word_1_271' title='bbox 1051 1510 1267 1552; x_wconf 89' lang='lat' dir='ltr'>cubilibus</span> <span class='ocrx_word' id='word_1_272' title='bbox 1286 1510 1445 1552; x_wconf 88' lang='lat' dir='ltr'>vestris</span> <span class='ocrx_word' id='word_1_273' title='bbox 1465 1508 1821 1562; x_wconf 82' lang='lat' dir='ltr'>compungimini.</span> 
     </span>
    </p>

    <p class='ocr_par' dir='ltr' id='par_1_24' title="bbox 1051 1564 1884 1731">
     <span class='ocr_line' id='line_1_66' title="bbox 1101 1564 1884 1617; baseline -0.003 -9"><span class='ocrx_word' id='word_1_274' title='bbox 1101 1567 1355 1608; x_wconf 68' lang='lat' dir='ltr'>Sacrificete</span> <span class='ocrx_word' id='word_1_275' title='bbox 1394 1566 1658 1608; x_wconf 86' lang='lat' dir='ltr'>sacrificium</span> <span class='ocrx_word' id='word_1_276' title='bbox 1692 1564 1884 1617; x_wconf 77' lang='lat' dir='ltr'>justitiae,</span> 
     </span>
     <span class='ocr_line' id='line_1_67' title="bbox 1051 1620 1884 1676; baseline -0.002 -12"><span class='ocrx_word' id='word_1_277' title='bbox 1051 1627 1095 1664; x_wconf 88' lang='lat' dir='ltr'>et</span> <span class='ocrx_word' id='word_1_278' title='bbox 1123 1626 1299 1676; x_wconf 62' lang='lat' dir='ltr'>sperete</span> <span class='ocrx_word' id='word_1_279' title='bbox 1327 1623 1370 1663; x_wconf 91' lang='lat' dir='ltr'>in</span> <span class='ocrx_word' id='word_1_280' title='bbox 1398 1622 1603 1664; x_wconf 69' lang='lat' dir='ltr'>Domino.</span> <span class='ocrx_word' id='word_1_281' title='bbox 1621 1622 1645 1647; x_wconf 87' lang='grc'><em>*</em></span> <span class='ocrx_word' id='word_1_282' title='bbox 1668 1621 1797 1663; x_wconf 91' lang='lat' dir='ltr'>Multi</span> <span class='ocrx_word' id='word_1_283' title='bbox 1823 1620 1884 1663; x_wconf 92' lang='lat' dir='ltr'>di-</span> 
     </span>
     <span class='ocr_line' id='line_1_68' title="bbox 1051 1676 1819 1731; baseline -0.003 -11"><span class='ocrx_word' id='word_1_284' title='bbox 1051 1684 1170 1720; x_wconf 88' lang='lat' dir='ltr'>cunt:</span> <span class='ocrx_word' id='word_1_285' title='bbox 1190 1680 1297 1731; x_wconf 87' lang='lat' dir='ltr'>Quis</span> <span class='ocrx_word' id='word_1_286' title='bbox 1317 1678 1511 1720; x_wconf 88' lang='lat' dir='ltr'>ostendit</span> <span class='ocrx_word' id='word_1_287' title='bbox 1530 1677 1660 1720; x_wconf 84' lang='lat' dir='ltr'>nobis</span> <span class='ocrx_word' id='word_1_288' title='bbox 1678 1676 1819 1719; x_wconf 88' lang='lat' dir='ltr'>bona?</span> 
     </span>
    </p>

    <p class='ocr_par' dir='ltr' id='par_1_25' title="bbox 1049 1732 1885 1890">
     <span class='ocr_line' id='line_1_69' title="bbox 1100 1732 1885 1787; baseline -0.003 -11"><span class='ocrx_word' id='word_1_289' title='bbox 1100 1736 1330 1786; x_wconf 72' lang='lat' dir='ltr'>Signatum</span> <span class='ocrx_word' id='word_1_290' title='bbox 1361 1739 1428 1777; x_wconf 90' lang='lat' dir='ltr'>est</span> <span class='ocrx_word' id='word_1_291' title='bbox 1460 1747 1594 1787; x_wconf 89' lang='lat' dir='ltr'>super</span> <span class='ocrx_word' id='word_1_292' title='bbox 1624 1746 1707 1775; x_wconf 86' lang='lat' dir='ltr'>nos</span> <span class='ocrx_word' id='word_1_293' title='bbox 1736 1732 1885 1775; x_wconf 89' lang='lat' dir='ltr'>lumen</span> 
     </span>
     <span class='ocr_line' id='line_1_70' title="bbox 1049 1789 1884 1833; baseline -0.002 0"><span class='ocrx_word' id='word_1_294' title='bbox 1049 1791 1197 1833; x_wconf 87' lang='lat' dir='ltr'>vultus</span> <span class='ocrx_word' id='word_1_295' title='bbox 1222 1792 1287 1833; x_wconf 94' lang='lat' dir='ltr'>tui</span> <span class='ocrx_word' id='word_1_296' title='bbox 1313 1791 1519 1833; x_wconf 76' lang='lat' dir='ltr'>Demine:</span> <span class='ocrx_word' id='word_1_297' title='bbox 1539 1791 1563 1817; x_wconf 88' lang='lat'>*</span> <span class='ocrx_word' id='word_1_298' title='bbox 1587 1789 1750 1832; x_wconf 87' lang='lat' dir='ltr'>dedisti</span> <span class='ocrx_word' id='word_1_299' title='bbox 1777 1789 1884 1831; x_wconf 84' lang='lat' dir='ltr'>laeti-</span> 
     </span>
     <span class='ocr_line' id='line_1_71' title="bbox 1049 1847 1503 1890; baseline -0.002 -1"><span class='ocrx_word' id='word_1_300' title='bbox 1049 1848 1156 1889; x_wconf 82' lang='lat' dir='ltr'>tiam</span> <span class='ocrx_word' id='word_1_301' title='bbox 1173 1849 1218 1888; x_wconf 89' lang='lat' dir='ltr'>in</span> <span class='ocrx_word' id='word_1_302' title='bbox 1237 1847 1373 1890; x_wconf 88' lang='lat' dir='ltr'>corde</span> <span class='ocrx_word' id='word_1_303' title='bbox 1390 1860 1503 1889; x_wconf 91' lang='lat' dir='ltr'>meo.</span> 
     </span>
    </p>

    <p class='ocr_par' dir='ltr' id='par_1_26' title="bbox 1051 1902 1886 2014">
     <span class='ocr_line' id='line_1_72' title="bbox 1102 1902 1886 1953; baseline -0.004 -7"><span class='ocrx_word' id='word_1_304' title='bbox 1102 1905 1143 1945; x_wconf 94' lang='lat' dir='ltr'><strong>A</strong></span> <span class='ocrx_word' id='word_1_305' title='bbox 1170 1904 1315 1946; x_wconf 89' lang='lat' dir='ltr'>fructu</span> <span class='ocrx_word' id='word_1_306' title='bbox 1343 1903 1564 1953; x_wconf 87' lang='lat' dir='ltr'>frumenti,</span> <span class='ocrx_word' id='word_1_307' title='bbox 1591 1902 1696 1953; x_wconf 83' lang='lat' dir='ltr'>vini,</span> <span class='ocrx_word' id='word_1_308' title='bbox 1726 1907 1771 1944; x_wconf 89' lang='lat' dir='ltr'>et</span> <span class='ocrx_word' id='word_1_309' title='bbox 1799 1902 1886 1944; x_wconf 76' lang='lat' dir='ltr'>elei</span> 
     </span>
     <span class='ocr_line' id='line_1_73' title="bbox 1051 1960 1587 2014; baseline -0.002 -13"><span class='ocrx_word' id='word_1_310' title='bbox 1051 1961 1118 2002; x_wconf 80' lang='lat' dir='ltr'>sui</span> <span class='ocrx_word' id='word_1_311' title='bbox 1136 1961 1160 1986; x_wconf 87' lang='lat'>*</span> <span class='ocrx_word' id='word_1_312' title='bbox 1178 1960 1457 2014; x_wconf 62' lang='lat' dir='ltr'>multiplicati</span> <span class='ocrx_word' id='word_1_313' title='bbox 1476 1965 1587 2002; x_wconf 88' lang='lat' dir='ltr'>sunt.</span> 
     </span>
    </p>

    <p class='ocr_par' dir='ltr' id='par_1_27' title="bbox 1053 2015 1885 2126">
     <span class='ocr_line' id='line_1_74' title="bbox 1102 2015 1885 2070; baseline 0 -13"><span class='ocrx_word' id='word_1_314' title='bbox 1102 2017 1153 2057; x_wconf 93' lang='lat' dir='ltr'>In</span> <span class='ocrx_word' id='word_1_315' title='bbox 1180 2030 1292 2070; x_wconf 88' lang='lat' dir='ltr'>pace</span> <span class='ocrx_word' id='word_1_316' title='bbox 1319 2018 1364 2058; x_wconf 93' lang='lat' dir='ltr'>in</span> <span class='ocrx_word' id='word_1_317' title='bbox 1391 2017 1586 2070; x_wconf 91' lang='lat' dir='ltr'>idipsum</span> <span class='ocrx_word' id='word_1_318' title='bbox 1608 2017 1632 2043; x_wconf 89' lang='lat'>*</span> <span class='ocrx_word' id='word_1_319' title='bbox 1656 2015 1885 2065; x_wconf 80' lang='lat' dir='ltr'>dormiam,</span> 
     </span>
     <span class='ocr_line' id='line_1_75' title="bbox 1053 2074 1404 2126; baseline 0.003 -12"><span class='ocrx_word' id='word_1_320' title='bbox 1053 2078 1096 2114; x_wconf 93' lang='lat' dir='ltr'>et</span> <span class='ocrx_word' id='word_1_321' title='bbox 1114 2074 1404 2126; x_wconf 81' lang='lat' dir='ltr'>requiescam3</span> 
     </span>
    </p>

    <p class='ocr_par' dir='ltr' id='par_1_28' title="bbox 1052 2127 1886 2238">
     <span class='ocr_line' id='line_1_76' title="bbox 1104 2127 1886 2180; baseline -0.003 -9"><span class='ocrx_word' id='word_1_322' title='bbox 1104 2130 1322 2179; x_wconf 75' lang='lat' dir='ltr'>Queniam</span> <span class='ocrx_word' id='word_1_323' title='bbox 1339 2135 1387 2171; x_wconf 91' lang='lat' dir='ltr'>tu</span> <span class='ocrx_word' id='word_1_324' title='bbox 1402 2129 1592 2171; x_wconf 68' lang='lat' dir='ltr'>Domine</span> <span class='ocrx_word' id='word_1_325' title='bbox 1607 2127 1886 2180; x_wconf 65' lang='lat' dir='ltr'>singulariter</span> 
     </span>
     <span class='ocr_line' id='line_1_77' title="bbox 1052 2185 1627 2238; baseline 0.002 -13"><span class='ocrx_word' id='word_1_326' title='bbox 1052 2185 1095 2225; x_wconf 93' lang='lat' dir='ltr'>in</span> <span class='ocrx_word' id='word_1_327' title='bbox 1115 2199 1194 2238; x_wconf 88' lang='lat' dir='ltr'>spe</span> <span class='ocrx_word' id='word_1_328' title='bbox 1213 2186 1236 2212; x_wconf 89' lang='lat'>*</span> <span class='ocrx_word' id='word_1_329' title='bbox 1257 2186 1524 2228; x_wconf 87' lang='lat' dir='ltr'>constituisti</span> <span class='ocrx_word' id='word_1_330' title='bbox 1544 2198 1627 2227; x_wconf 88' lang='lat' dir='ltr'>me.</span> 
     </span>
    </p>

    <p class='ocr_par' dir='ltr' id='par_1_29' title="bbox 1329 2254 1617 2294">
     <span class='ocr_line' id='line_1_78' title="bbox 1329 2254 1617 2294; baseline 0 -1"><span class='ocrx_word' id='word_1_331' title='bbox 1329 2254 1526 2294; x_wconf 74' lang='lat' dir='ltr'>l’sahnus</span> <span class='ocrx_word' id='word_1_332' title='bbox 1546 2256 1617 2293; x_wconf 76' lang='lat'>30.</span> 
     </span>
    </p>
   </div>
   <div class='ocr_carea' id='block_1_17' title="bbox 1053 2315 1921 2748">
    <p class='ocr_par' dir='ltr' id='par_1_30' title="bbox 1103 2315 1885 2368">
     <span class='ocr_line' id='line_1_79' title="bbox 1103 2315 1885 2368; baseline -0.001 -12"><span class='ocrx_word' id='word_1_333' title='bbox 1103 2329 1131 2356; x_wconf 93' lang='lat' dir='ltr'>n</span> <span class='ocrx_word' id='word_1_334' title='bbox 1159 2320 1203 2357; x_wconf 87' lang='lat' dir='ltr'>te</span> <span class='ocrx_word' id='word_1_335' title='bbox 1227 2315 1417 2357; x_wconf 70' lang='lat' dir='ltr'>Demine</span> <span class='ocrx_word' id='word_1_336' title='bbox 1446 2315 1637 2368; x_wconf 63' lang='lat' dir='ltr'>speravi,</span> <span class='ocrx_word' id='word_1_337' title='bbox 1668 2327 1756 2356; x_wconf 92' lang='lat' dir='ltr'>non</span> <span class='ocrx_word' id='word_1_338' title='bbox 1785 2326 1885 2356; x_wconf 88' lang='lat' dir='ltr'>con-</span> 
     </span>
    </p>

    <p class='ocr_par' dir='ltr' id='par_1_31' title="bbox 1053 2370 1921 2469">
     <span class='ocr_line' id='line_1_80' title="bbox 1122 2370 1886 2422; baseline -0.001 -10"><span class='ocrx_word' id='word_1_339' title='bbox 1122 2371 1280 2413; x_wconf 81' lang='lat' dir='ltr'>fundar</span> <span class='ocrx_word' id='word_1_340' title='bbox 1304 2372 1347 2412; x_wconf 86' lang='lat' dir='ltr'>in</span> <span class='ocrx_word' id='word_1_341' title='bbox 1371 2374 1599 2413; x_wconf 87' lang='lat' dir='ltr'>aeternum:</span> <span class='ocrx_word' id='word_1_342' title='bbox 1618 2372 1641 2397; x_wconf 83' lang='lat'>*</span> <span class='ocrx_word' id='word_1_343' title='bbox 1660 2371 1703 2412; x_wconf 91' lang='lat' dir='ltr'>in</span> <span class='ocrx_word' id='word_1_344' title='bbox 1724 2370 1886 2422; x_wconf 86' lang='lat' dir='ltr'>justitia</span> 
     </span>
     <span class='ocr_line' id='line_1_81' title="bbox 1053 2427 1921 2469; baseline 0.003 -1"><span class='ocrx_word' id='word_1_345' title='bbox 1053 2432 1127 2468; x_wconf 85' lang='lat' dir='ltr'>tua</span> <span class='ocrx_word' id='word_1_346' title='bbox 1146 2427 1284 2469; x_wconf 84' lang='lat' dir='ltr'>libera</span> <span class='ocrx_word' id='word_1_347' title='bbox 1302 2441 1383 2469; x_wconf 90' lang='lat' dir='ltr'>me.</span> <span class='ocrx_word' id='word_1_348' title='bbox 1917 2428 1921 2430; x_wconf 45' lang='lat'>‘</span> 
     </span>
    </p>

    <p class='ocr_par' dir='ltr' id='par_1_32' title="bbox 1054 2482 1884 2581">
     <span class='ocr_line' id='line_1_82' title="bbox 1104 2482 1884 2532; baseline 0 -9"><span class='ocrx_word' id='word_1_349' title='bbox 1104 2483 1271 2524; x_wconf 86' lang='lat' dir='ltr'>Inclina</span> <span class='ocrx_word' id='word_1_350' title='bbox 1291 2483 1348 2525; x_wconf 81' lang='lat' dir='ltr'>ad</span> <span class='ocrx_word' id='word_1_351' title='bbox 1365 2497 1436 2525; x_wconf 90' lang='lat' dir='ltr'>me</span> <span class='ocrx_word' id='word_1_352' title='bbox 1457 2496 1607 2525; x_wconf 86' lang='lat' dir='ltr'>aurem</span> <span class='ocrx_word' id='word_1_353' title='bbox 1623 2487 1754 2532; x_wconf 85' lang='lat' dir='ltr'>tuam,</span> <span class='ocrx_word' id='word_1_354' title='bbox 1773 2482 1797 2508; x_wconf 70' lang='lat'>*¹</span> <span class='ocrx_word' id='word_1_355' title='bbox 1817 2494 1884 2523; x_wconf 87' lang='lat' dir='ltr'>ac-</span> 
     </span>
     <span class='ocr_line' id='line_1_83' title="bbox 1054 2538 1512 2581; baseline 0.002 -2"><span class='ocrx_word' id='word_1_356' title='bbox 1054 2538 1198 2580; x_wconf 83' lang='lat' dir='ltr'>celera</span> <span class='ocrx_word' id='word_1_357' title='bbox 1216 2544 1264 2580; x_wconf 92' lang='lat' dir='ltr'>ut</span> <span class='ocrx_word' id='word_1_358' title='bbox 1284 2541 1411 2580; x_wconf 85' lang='lat' dir='ltr'>eruas</span> <span class='ocrx_word' id='word_1_359' title='bbox 1430 2553 1512 2581; x_wconf 90' lang='lat' dir='ltr'>me.</span> 
     </span>
    </p>

    <p class='ocr_par' dir='ltr' id='par_1_33' title="bbox 1054 2594 1886 2748">
     <span class='ocr_line' id='line_1_84' title="bbox 1108 2594 1886 2648; baseline -0.004 -12"><span class='ocrx_word' id='word_1_360' title='bbox 1108 2596 1215 2637; x_wconf 88' lang='lat' dir='ltr'>Esto</span> <span class='ocrx_word' id='word_1_361' title='bbox 1234 2595 1339 2636; x_wconf 91' lang='lat' dir='ltr'>mihi</span> <span class='ocrx_word' id='word_1_362' title='bbox 1354 2596 1397 2635; x_wconf 94' lang='lat' dir='ltr'>in</span> <span class='ocrx_word' id='word_1_363' title='bbox 1412 2596 1555 2637; x_wconf 90' lang='lat' dir='ltr'>Deum</span> <span class='ocrx_word' id='word_1_364' title='bbox 1570 2594 1886 2648; x_wconf 75' lang='lat' dir='ltr'>protecterem:</span> 
     </span>
     <span class='ocr_line' id='line_1_85' title="bbox 1055 2649 1885 2702; baseline -0.004 -10"><span class='ocrx_word' id='word_1_365' title='bbox 1055 2657 1098 2692; x_wconf 86' lang='lat' dir='ltr'>ct</span> <span class='ocrx_word' id='word_1_366' title='bbox 1125 2652 1168 2691; x_wconf 90' lang='lat' dir='ltr'>in</span> <span class='ocrx_word' id='word_1_367' title='bbox 1193 2651 1373 2693; x_wconf 92' lang='lat' dir='ltr'>domum</span> <span class='ocrx_word' id='word_1_368' title='bbox 1402 2651 1573 2702; x_wconf 78' lang='lat' dir='ltr'>refugii,</span> <span class='ocrx_word' id='word_1_369' title='bbox 1592 2651 1615 2677; x_wconf 87' lang='lat'>*</span> <span class='ocrx_word' id='word_1_370' title='bbox 1635 2654 1683 2691; x_wconf 90' lang='lat' dir='ltr'>ut</span> <span class='ocrx_word' id='word_1_371' title='bbox 1716 2649 1885 2690; x_wconf 86' lang='lat' dir='ltr'>salvum</span> 
     </span>
     <span class='ocr_line' id='line_1_86' title="bbox 1054 2707 1288 2748; baseline 0.004 -1"><span class='ocrx_word' id='word_1_372' title='bbox 1054 2720 1123 2748; x_wconf 89' lang='lat' dir='ltr'>me</span> <span class='ocrx_word' id='word_1_373' title='bbox 1143 2707 1288 2748; x_wconf 64' lang='lat' dir='ltr'>facias.</span> 
     </span>
    </p>
   </div>
   <div class='ocr_carea' id='block_1_18' title="bbox 104 129 1948 2813">
    <p class='ocr_par' dir='ltr' id='par_1_34' title="bbox 104 129 1948 2813">
     <span class='ocr_line' id='line_1_87' title="bbox 104 129 1948 2813; baseline 0 0"><span class='ocrx_word' id='word_1_374' title='bbox 104 129 1948 2813; x_wconf 95' lang='lat' dir='ltr'> </span> 
     </span>
    </p>
   </div>
  </div>
 </body>
</html>
