2066 2956
606 232 677 265 Die
706 232 756 265 18.
782 232 918 266 Martii.
966 232 1001 266 S.
1028 231 1221 266 Gabriclis
1247 232 1439 273 Archang.
1785 226 1877 269 [339]

164 329 310 375 utero,
338 329 383 367 et
401 324 547 378 paries
565 323 720 374 filium,
750 328 793 365 et
812 324 993 366 vocabis
1046 326 1141 378 ipse
1162 326 1276 367 enim
1295 326 1471 378 praeibit
1494 330 1595 367 ante
1615 324 1771 366 faciem
1790 324 1877 365 Do·

164 395 323 424 nomen
343 382 434 433 ejus
452 381 478 422 J
480 393 612 422 esum.
1046 381 1150 422 mini
1168 384 1327 434 parare
1346 382 1439 423 vias
1460 382 1562 434 ejus.

216 451 252 489 5.
292 445 411 487 Dixit
441 450 587 487 autem
611 445 751 486 Maria
775 446 800 472 *
825 445 882 487 ad
906 445 993 486 An·
1381 461 1543 500 Oratis„

163 501 590 567 g91um².QU6m⁰d⁰
619 501 858 569 fiet‚ist¹²d⁷
888 503 992 553 quo·
1137 536 1228 574 eus,
1254 524 1328 576 qui
1349 525 1462 566 inter
1480 526 1652 566 ceteros
1672 523 1877 574 Angelos,

163 571 280 599 mam
302 570 444 599 Vlrum
467 570 555 598 non
579 556 824 608 cognOSC0?
853 557 909 599 Et
930 569 993 598 κ’
1049 521 1134 626 D
1149 579 1205 621 ad
1238 580 1579 621 annuntiandum
1611 579 1877 621 Incarnatio-

164 613 388 682 SP‘mdPIJS
423 613 604 655 Gabriel
634 613 848 681 Angelus)
875 613 995 677 ,dixjt
1046 635 1879 688 nistuaemysterium,GabrielemArch-

165 683 219 712 ‘²³¹³
241 671 428 734 spn‘ltus
453 675 628 738 sancfu?
652 675 933 737 Sppervemef
950 682 993 733 Ψ
1047 692 1249 743 angelum
1283 692 1466 743 elegisti:
1506 691 1700 734 concede
1731 694 1877 744 propi-

164 730 296 791 te‚·et
315 731 454 768 vlrtus
474 726 687 767 Altisslml
712 725 993 768 obumbrabit
1046 748 1147 798 fius3
1179 753 1227 790 ut
1261 748 1335 800 qui
1368 748 1528 790 festum
1561 749 1652 800 ejus
1685 747 1876 789 celebra,

164 782 255 824 nbl·
506 831 508 833 »
1046 817 1142 845 mus
1169 804 1213 844 in
1240 804 1386 854 terris,
1419 804 1556 856 ipsius
1584 803 1877 857 patrocinium

217 862 475 912 Capitulum.
740 862 846 901 Dan.
864 863 900 901 9.
918 862 941 900 f.
1047 860 1284 902 sentiamus
1303 860 1347 900 in
1367 860 1504 901 coelis:
1523 860 1607 910 Qui
1626 859 1748 901 vivis.

163 919 321 1025 Ecce
339 924 406 965 Vir
426 923 620 974 Gabriel7
651 936 781 976 quem
797 924 994 965 videram
1102 918 1144 951 In
1171 918 1362 959 Quadrag.
1391 918 1430 951 fit
1455 926 1650 950 commem.
1675 916 1807 950 Fcriae.

261 980 306 1020 in
325 980 493 1022 visione
514 992 539 1021 a
557 980 792 1032 principio,
812 980 906 1029 cito¹
919 993 993 1021 vo-

163 1035 258 1077 lans
279 1035 422 1087 tetigit
445 1047 516 1077 me
539 1035 584 1076 in
606 1037 807 1088 tempore
831 1036 992 1077 sacrifi-

164 1091 219 1134 cii
238 1091 487 1144 vespertini.
513 1091 571 1133 Et
590 1091 742 1133 docuit
758 1103 845 1141 me,
872 1097 916 1133 et
934 1091 994 1132 lo-

164 1151 291 1189 cutus
322 1152 390 1189 est
421 1146 541 1197 mihi,
583 1146 797 1198 dixitque:
837 1147 994 1189 Daniel

163 1216 277 1245 nunc
297 1205 500 1255 egressus
524 1216 622 1245 sum
643 1208 692 1245 ut
712 1202 919 1245 docerem
938 1209 993 1253 te,

163 1264 207 1302 et
225 1259 502 1311 intelligeres.

474 1331 685 1380 Hymnus.

298 1389 443 1431 lacare
464 1389 636 1431 Christe
655 1390 850 1439 servulis,

319 1445 487 1496 Quibus
505 1446 648 1487 Patris
668 1445 944 1488 clementiam

266 1502 376 1543 Tuae
396 1501 453 1544 ad
470 1501 662 1544 tribunal
679 1502 833 1553 gratiae

264 1558 457 1600 Patrona
474 1558 615 1610 Virgo
633 1558 841 1611 postulat.

1319 993 1387 1029 Ad
1410 993 1612 1029 Tertiam.

1103 1055 1201 1094 Ant.
1231 1054 1305 1096 Ait
1325 1057 1471 1095 autem
1489 1051 1695 1102 Angelus.

1101 1117 1361 1169 Capitulum.
1391 1117 1505 1158 Ecce
1524 1116 1600 1157 vir.
1626 1123 1671 1158 ut
1692 1128 1832 1167 supra.

1101 1184 1151 1235 R.
1181 1182 1242 1223 br.
1287 1181 1416 1224 Stetit
1452 1180 1647 1230 Angelus
1688 1183 1710 1206 *
1745 1181 1878 1221 Juxta

1047 1252 1168 1280 aram
1203 1237 1367 1291 templi.
1418 1236 1558 1278 Stetit.
1614 1232 1663 1282 V.
1696 1236 1877 1278 Habens

1045 1294 1316 1337 thuribulum
1344 1296 1525 1335 aureum
1558 1292 1609 1343 in,
1629 1305 1760 1333 manu
1787 1305 1876 1334 sua.

1046 1351 1188 1392 Juxta.
1219 1350 1371 1392 Gloria
1388 1349 1519 1390 Patri.
1546 1348 1686 1390 Stetit.

1103 1412 1153 1463 V.
1176 1414 1388 1456 Ascendit
1408 1413 1551 1454 fumus
1570 1415 1815 1454 aromatum
1833 1413 1876 1453 in

1047 1472 1288 1523 conspectu
1323 1468 1510 1511 Domini.
1565 1469 1615 1518 lx’g.
1646 1469 1714 1510 De
1745 1481 1876 1509 manu

1046 1526 1215 1578 Angeli.

217 1628 271 1669 Et
289 1639 381 1676 vos,
400 1626 531 1669 beata
549 1639 629 1679 per
647 1639 807 1668 novem
1247 1665 1262 1675 Ἰ
1324 1603 1392 1639 Ad
1414 1602 1601 1674 Sextarn:

265 1683 483 1724 Disfincta
502 1695 636 1735 gyros
656 1682 838 1734 agmina,
1101 1667 1208 1735 Ant.-
1228 1665 1322 1714 Lgo
1342 1676 1438 1704 sum
1457 1661 1649 1704 Gabnel.

265 1739 460 1791 Antiqua
477 1752 577 1780 cum
594 1738 896 1791 praesentibus,
1103 1728 1362 1780 Capitulum.
1621 1725 1729 1765 Dan.
1748 1726 1785 1765 9.
1801 1725 1825 1764 f.

1125 1808 1183 1846 go
1225 1800 1372 1836 autem
1407 1794 1508 1836 veni
1548 1798 1597 1835 ut
1638 1792 1877 1834 indicarem

1143 1850 1238 1901 tibi,
1263 1851 1364 1902 quia
1387 1850 1454 1892 vir
1477 1849 1797 1891 desiderierum
1818 1861 1877 1890 es.

1045 1908 1331 1960 Septuaginta
1374 1905 1676 1948 hebdomades
1722 1904 1874 1946 abbre-

1045 1963 1174 2005 viatae
1195 1968 1310 2013 sunt,
1338 1967 1387 2004 ut
1410 1963 1542 2003 finem
1565 1961 1752 2014 accipiat
1776 1973 1874 2012 pec-

1047 2021 1208 2069 catum,
1238 2024 1282 2060 et
1303 2019 1538 2071 impleatur
1557 2017 1685 2067 visio,
1714 2021 1758 2057 et
1775 2028 1874 2068 pro-

1045 2075 1210 2128 phetia,
1234 2080 1278 2116 et
1297 2076 1484 2126 ungatur
1503 2075 1686 2116 Sanctus
1706 2074 1875 2113 sancto-

1047 2144 1154 2172 rum.

1102 2196 1153 2246 Ru
1187 2195 1248 2235 br.
1288 2194 1501 2236 Ascendit
1533 2193 1676 2234 fumus
1708 2194 1875 2233 aroma-

1045 2257 1139 2293 tum
1158 2250 1181 2275 *
1192 2252 1244 2293 In
1259 2252 1498 2303 conspeetu
1513 2248 1701 2289 Domini.
1719 2248 1876 2289 Ascen-

1047 2307 1122 2349 dit.
1163 2299 1214 2351 V.
1236 2308 1305 2348 De
1332 2319 1463 2347 manu
1491 2304 1659 2355 Angeli.
1695 2305 1746 2344 In
1775 2316 1875 2345 con-

1047 2365 1213 2416 spectu.
1243 2362 1393 2403 Gloria
1411 2360 1542 2401 Patri.
1569 2359 1792 2401 Ascendit.

1103 2421 1153 2472 V.
1206 2428 1258 2467 In
1309 2427 1550 2478 conspectu
1599 2424 1873 2475 Angelorum

1045 2483 1232 2535 psallam
1263 2481 1344 2524 tibi
1375 2482 1496 2522 Deus
1530 2492 1665 2521 meus.
1710 2480 1759 2529 lx'g.
1783 2480 1872 2522 Ad-

1047 2539 1185 2580 orabo
1210 2538 1266 2579 ad
1288 2537 1503 2589 templum
1525 2541 1723 2578 sanctum
1739 2541 1872 2587 tuum,

1046 2599 1090 2636 et
1110 2593 1353 2636 confitebor
1372 2593 1536 2634 nemini
1554 2597 1642 2633 tuo.

1325 2672 1393 2708 Ad
1416 2673 1600 2709 Nonam.

1104 2730 1202 2768 Ant.
1230 2728 1351 2770 Dixit
1369 2733 1515 2770 autem
1533 2728 1679 2770 Maria.

264 1794 431 1836 Futura
451 1794 610 1836 damna
627 1795 790 1847 pellite.

218 1863 396 1904 Auferte
415 1867 592 1914 gentem
609 1863 825 1916 perfidam

266 1918 550 1960 Credentium
569 1918 623 1960 de
642 1919 814 1968 finibus,

266 1974 327 2016 Ut
345 1987 456 2016 unus
476 1987 628 2016 omnes
647 1975 823 2016 unicum

267 2030 394 2072 Ovile
412 2043 494 2071 nos
513 2035 667 2082 pastor
686 2036 819 2082 regat.

219 2101 313 2140 Deo
333 2099 454 2140 Patri
471 2099 528 2140 sit
546 2098 697 2148 gloria,

266 2155 473 2206 Natoque
491 2155 634 2196 Patris
653 2155 795 2205 unico,

268 2211 430 2252 Sancto
451 2210 579 2252 simul
597 2210 828 2260 Paraclito,

266 2267 318 2307 In
337 2267 602 2319 sempiterna
621 2266 792 2308 saecula.
820 2267 973 2308 Amen.

220 2330 269 2382 V.
320 2335 449 2376 Stetit
488 2334 683 2385 Angelus
720 2335 839 2386 juxta
874 2347 994 2375 aram

164 2391 329 2455 templi.
360 2392 410 2440 hp.
432 2390 613 2432 Habens
632 2390 901 2432 thuribulum
921 2393 993 2432 au-

165 2460 287 2489 reum
305 2460 349 2487 m
366 2460 498 2488 manu
515 2460 605 2488 sua.

224 2510 293 2551 Ad
321 2508 482 2550 Bene-d.
517 2508 616 2548 Ant.
651 2509 827 2551 (labriel
851 2509 992 2559 Ange-

164 2567 232 2608 lus
252 2565 479 2608 descendit
499 2565 556 2607 ad
574 2565 846 2613 Zachariam,
873 2569 917 2605 et
935 2564 995 2606 ait

166 2623 242 2663 illi:
265 2622 388 2664 Uxor
411 2627 487 2664 tua
511 2622 653 2674 pariet
671 2620 752 2662 tibi
769 2620 924 2669 filium,
952 2625 995 2661 et

166 2678 346 2720 vocabis
376 2691 536 2719 nomen
569 2678 660 2729 ejus
687 2677 918 2725 Joannem‚
951 2680 995 2716 et

167 2734 292 2776 multi
309 2734 353 2774 in
371 2734 597 2775 nativitate
618 2734 708 2785 ejus
728 2731 994 2782 gaudebunt:
