2066 2956
198 207 292 253 [212]

855 211 1080 267 Benedictio
1107 210 1261 245 Mensae.

414 308 494 348 Vel
516 308 714 347 l’salmus
737 309 815 347 116.

264 363 426 406 audate
458 363 698 406 Dominum
731 377 884 407 omnes
918 365 1032 407 Gen-

230 477 275 518 u]
304 425 387 462 tes:
406 420 430 446 *
450 420 628 462 laudate
652 433 753 463 eum
776 433 930 464 omnes
954 423 1033 475 po-

198 491 227 530 p
276 491 308 517 1:

248 533 465 584 Quoniam
502 533 762 575 confirmata
798 539 864 576 est
901 547 1035 587 super

200 603 281 632 nos
300 589 605 632 misericordia
628 591 733 642 ejus:
756 591 780 616 *
805 596 849 632 et
872 591 1034 633 veritas

200 646 377 688 Domini
396 651 543 688 manet
563 647 606 687 in
626 649 849 688 aeternum.

253 702 407 744 Gloria
424 703 556 744 Patri.
582 703 704 745 Sicut
723 708 826 745 erat.

254 763 389 816 Kyrie
424 763 600 805 eleison.
644 764 820 806 Christe
858 764 1035 806 eleison.

203 820 337 873 Kyrie
362 820 538 862 eleison.

256 879 472 920 Sacerdos
501 878 581 919 dic.
622 878 747 919 I‘ater
778 882 940 919 noster.
969 888 1031 915 se-

199 943 332 977 creto.

253 988 302 1038 V.
338 989 396 1030 Et
424 1001 479 1030 ne
506 1001 588 1030 nos
615 988 800 1031 inducas
827 990 871 1030 in
898 994 1037 1031 tenta·

202 1046 378 1087 tionem.
409 1045 458 1096 Rg.
485 1045 574 1087 Sed
596 1045 735 1087 libera
758 1059 840 1088 nos
863 1059 889 1088 a
907 1046 1036 1088 malo.

253 1098 301 1149 ,Ψ.
336 1101 572 1154 Dispersit,
605 1100 728 1144 dedit
755 1102 1036 1156 pauperibus.

204 1161 250 1210 Ru
280 1158 305 1199 J
307 1158 458 1254 ulstitia
481 1160 573 1210 ejus
596 1163 745 1200 manet
763 1159 807 1199 in
827 1159 1037 1201 saeculum

203 1227 322 1256 saecu
340 1228 364 1254 1.

255 1268 302 1319 ,Ψ
324 1269 594 1312 Benedicam
605 1271 843 1312 D6minum
857 1271 902 1312 in
918 1272 1037 1312 omni

203 1329 416 1379 tempore.
455 1330 500 1379 Ην.
538 1326 722 1380 Semper
745 1327 841 1369 laus
874 1328 965 1379 ejus
994 1328 1037 1368 in

205 1396 282 1425 ore
301 1395 412 1424 meo.

255 1438 303 1489 ,Ψ
332 1439 383 1479 In
402 1439 595 1481 Domino
619 1439 872 1482 laudabitur
896 1440 1039 1481 Anima

202 1508 310 1537 mea.
344 1500 393 1551 Ru
425 1495 621 1538 Audiant
639 1497 871 1547 mansueti,
898 1502 942 1538 et
966 1496 1038 1538 lae-

202 1554 360 1595 tentur.

255 1607 303 1658 ,Ψ.
352 1609 633 1661 Magnificate
673 1609 913 1651 Dominum
952 1621 1039 1651 me-

205 1679 315 1708 cum.
349 1669 399 1719 R.
425 1667 483 1708 Et
507 1666 749 1708 exaltemus
767 1678 929 1708 nomen
949 1666 1040 1717 ejus

204 1722 248 1762 in
267 1721 470 1775 idipsum.

257 1776 304 1827 ,Ψ
349 1779 415 1820 Sit
450 1791 611 1820 nomen
647 1778 826 1819 Domini
862 1776 1039 1820 benedi-

206 1839 336 1876 ctum.
372 1839 418 1888 Ιςι.
444 1834 513 1875 Ex
530 1834 617 1876 hoc
639 1847 754 1876 nunc
774 1839 818 1876 et
835 1846 978 1886 usque
998 1833 1042 1874 in

208 1891 429 1933 saeculum.

256 1948 406 1983 Deinde
432 1950 515 1983 sine
550 1946 723 1983 Oremus.

203 1995 512 2101 Retribuere
554 1998 736 2051 dignare
770 1999 959 2041 Domine
997 2001 1040 2041 ό-

311 2055 485 2098 mnibus
503 2055 632 2098 nobis
650 2055 768 2098 bona
782 2055 1042 2098 facientibus

206 2117 393 2166 propter
421 2125 582 2154 nomen
607 2117 732 2154 tuum
758 2113 893 2154 vitam
918 2115 1041 2154 aeter-

207 2182 319 2210 nam.
368 2171 418 2220 Ru
452 2169 605 2210 Amen.

257 2217 306 2267 Y.
324 2225 647 2267 Benedicamus
657 2225 860 2267 Domino.
880 2224 928 2274 R·
944 2226 1042 2268 Deo

209 2282 383 2343 gratias.

260 2331 308 2379 ,Υ
346 2337 563 2380 Fidelium
592 2338 749 2379 animae
774 2351 854 2391 per
879 2339 1042 2380 miseri-

210 2394 406 2435 cordiam
433 2394 517 2436 Dei
545 2395 823 2447 requiescant
850 2395 894 2435 in
922 2407 1043 2447 pace.

208 2448 256 2497 lxv-
280 2450 432 2492 Amen.

270 2504 394 2548 Pater
411 2511 574 2549 noster.
590 2511 774 2545 secreto.

261 2571 344 2606 (mo
372 2569 488 2603 linit<
516 2569 607 2602 dicit
634 2569 842 2603 Suc-eidos:

266 2611 312 2660 Y
342 2621 462 2663 Deus
487 2623 562 2665 det
582 2624 710 2666 nobis
731 2636 855 2665 suam
876 2635 1043 2675 pacem.

213 2673 259 2723 lx:-
283 2678 434 2719 Amen.

635 2747 685 2754 »xm
695 2747 707 2751 r<
720 2747 726 2750 >

1340 303 1453 340 Ante
1477 301 1673 339 Coenam.

1139 362 1330 396 Sacerdos
1360 360 1635 395 benedicturus
1667 368 1839 394 mensam
1864 359 1917 393 in-

1091 415 1185 458 cipit
1203 407 1469 452 Benedl'cite.
1497 419 1533 448 et
1554 414 1620 448 alii
1642 414 1819 455 repetunt
1841 406 1922 446 Be-

1088 465 1289 509 nedicite.

1139 527 1288 562 Deinde
1314 527 1506 561 Sacerdos
1537 527 1673 570 incipit
1698 520 1760 566 Υ,
1791 529 1828 559 et
1851 523 1919 558 alii

1088 581 1389 619 prosequuntur:

1175 625 1281 668 dent
1290 628 1522 678 pauperes,
1539 627 1583 665 et
1601 620 1924 670 saturabuntur,

1187 687 1230 724 et
1244 680 1488 723 laudabunt
1502 679 1751 727 Dominum,
1766 677 1842 730 qui
1858 689 1921 718 re-

1090 742 1267 792 quirunt
1295 750 1409 779 eum:
1436 737 1585 778 vivent
1610 731 1748 777 corda
1770 735 1924 776 eorum

1089 797 1132 838 in
1152 794 1363 837 saeculum
1381 792 1543 835 saeculi.

1142 851 1296 894 Gloria
1313 850 1445 891 Patri.
1473 848 1595 891 Sicut
1614 851 1719 889 erat.

1143 910 1278 965 Kyrie
1315 909 1493 953 eleison.
1549 907 1722 950 Christe
1748 905 1926 949 eleison.

1091 968 1130 1006 K
1149 969 1228 1010 'rie
1249 967 1425 1010 eleison.
1451 968 1579 1007 Pater
1592 968 1755 1006 noster.
1769 970 1923 1005 secret.

1225 1024 1283 1066 Et
1310 1035 1366 1065 ne
1393 1035 1475 1064 nos
1503 1021 1688 1063 inducas
1714 1019 1759 1060 in
1785 1023 1923 1061 tenta-

1090 1082 1266 1124 tionem.
1299 1079 1348 1131 R.
1375 1078 1464 1122 Sed
1487 1077 1627 1120 libera
1649 1089 1732 1118 nos
1751 1089 1778 1118 a
1795 1075 1924 1117 malo.

1413 1141 1608 1181 Oremus.

1176 1197 1330 1240 enedic
1346 1196 1535 1238 D6mine
1556 1208 1649 1244 nos,
1669 1197 1713 1235 et
1732 1193 1830 1234 haec
1849 1197 1927 1234 tua

1196 1254 1324 1303 dona,
1343 1265 1442 1305 quae
1462 1251 1519 1294 de
1537 1257 1613 1293 tua
1633 1250 1838 1300 largitate
1857 1262 1925 1290 su-

1091 1324 1188 1353 mus
1212 1309 1439 1362 sumpturi.
1482 1308 1566 1350 Per
1589 1306 1814 1349 Christum
1837 1305 1926 1346 Do-

1091 1368 1259 1409 minum
1277 1370 1490 1407 nostrum.
1536 1367 1584 1417 Rv.
1616 1363 1771 1404 Αιιιειιι.

1143 1418 1193 1470 Ψ.
1222 1424 1247 1465 J
1248 1422 1335 1465 ube
1355 1421 1517 1463 domne
1535 1418 1810 1462 benedicere.

1144 1484 1305 1526 Bened.
1343 1481 1412 1524 Ad
1435 1493 1608 1524 coenam
1625 1480 1730 1522 vitae
1749 1480 1927 1520 aetemae

1092 1541 1310 1595 perducat
1333 1552 1416 1582 nos
1436 1538 1537 1580 Rex
1561 1537 1739 1579 aeternae
1763 1534 1927 1587 glotiae.

1146 1596 1196 1648 R'-
1215 1596 1369 1638 Amen.

1345 1666 1394 1701 In
1417 1665 1501 1700 fine
1524 1662 1676 1699 Coenae

1093 1720 1251 1761 dicitur
1276 1715 1325 1766 V.
1353 1719 1614 1762 Memoriam
1632 1718 1736 1760 fecit
1755 1715 1928 1759 mirabi-

1093 1779 1200 1820 lium
1218 1780 1399 1819 suorum
1417 1775 1668 1817 misericors
1689 1778 1733 1816 et
1751 1773 1928 1814 misera-

1093 1840 1165 1877 tor
1185 1834 1413 1875 Deminus.

1145 1890 1195 1940 Rt.
1224 1891 1386 1931 Escam
1403 1887 1527 1930 dedit
1545 1885 1801 1929 timentibus
1819 1897 1878 1926 se.

1147 1946 1302 1988 Glt'Jria
1318 1945 1450 1988 Patri.
1477 1944 1598 1986 Sicut
1619 1947 1724 1985 erat.

1338 2013 1531 2048 Sacerdos
1553 2012 1672 2047 dicat:

1093 2061 1405 2166 Benedictus
1438 2067 1560 2109 Deus
1591 2067 1636 2107 in
1667 2064 1796 2108 donis
1827 2063 1929 2112 suis,

1199 2129 1244 2167 et
1277 2129 1454 2166 sanctus
1486 2123 1529 2164 in
1558 2121 1761 2164 omnibus
1787 2119 1928 2172 operi-

1095 2181 1178 2224 bus
1194 2181 1298 2222 suis:
1320 2181 1405 2231 Qui
1424 2180 1532 2222 vivit
1551 2184 1595 2221 et
1614 2182 1768 2230 regnat
1787 2177 1831 2217 in
1850 2177 1928 2217 sae-

1096 2238 1195 2279 cula
1213 2237 1487 2279 saeculorum.
1520 2234 1569 2285 Ru
1586 2235 1739 2276 Amen.

1149 2299 1298 2333 Deinde
1329 2297 1547 2332 alternatim
1574 2298 1716 2333 dicitur
1742 2299 1803 2334 Ps.
1828 2298 1928 2332 Lau-

1097 2350 1185 2386 date
1210 2349 1420 2385 Dominum
1448 2358 1583 2384 omnes
1612 2347 1767 2383 Gentes.
1804 2351 1841 2381 et
1872 2358 1927 2382 re-

1095 2396 1212 2439 liqua
1239 2398 1279 2428 ut
1303 2403 1430 2436 supra.

1148 2442 1312 2483 Quando
1353 2443 1471 2476 semel
1512 2415 1745 2483 comeditur
1798 2444 1928 2478 omnia

1096 2492 1276 2526 dicuntur
1301 2494 1340 2524 ut
1366 2490 1403 2523 in
1430 2501 1551 2524 coena.

1147 2540 1177 2574 Ι
1181 2539 1363 2573 nedictus
1388 2538 1527 2572 modus
1548 2538 1805 2572 benedicendi
1826 2549 1928 2573 men—

1097 2599 1126 2621 s
1119 2599 1194 2625 am
1220 2592 1256 2621 et
1278 2586 1419 2629 agendi
1437 2586 1597 2628 gratius,
1623 2596 1712 2620 serv
1716 2590 1800 2620 atur
1824 2588 1927 2621 omni

1097 2640 1268 2678 ternpore
1294 2634 1408 2675 huius
1433 2633 1559 2668 Partis
1585 2633 1619 2666 V
1622 2643 1740 2670 ernas.
1771 2638 1928 2677 praeter-

1097 2694 1163 2726 qut
1152 2693 1212 2716 am
1234 2682 1372 2716 diebus
1395 2681 1664 2724 infrascriptis
1683 2681 1824 2724 quibus
1842 2677 1926 2723 W.

1098 2736 1133 2764 et
1157 2731 1186 2764 Ρ
1190 2741 1218 2764 s.
1244 2734 1391 2764 tantum
1416 2740 1438 2763 ι
1444 2729 1498 2762 ari
1504 2734 1624 2763 z.1ntur
