2028 2892
211 163 280 199 338

207 260 314 310 Deo,
334 263 563 313 peccatum
583 274 669 302 non
688 262 804 304 facit:
829 263 1033 314 quoniam

207 330 354 358 semen
382 317 519 370 ipsius
547 318 589 358 in
614 331 667 360 eo
693 324 847 368 manet,
877 325 919 360 et
946 332 1032 360 non

207 379 353 425 potest
380 377 580 426 peccare,
615 375 819 426 quoniam
848 388 902 417 ex
934 376 1031 417 Deo

206 434 331 471 natus
360 435 437 471 est.
490 431 540 471 In
569 431 655 472 hoc
686 432 901 473 manifesti
934 437 1033 473 sunt

206 485 281 526 filii
302 486 394 536 Dei,
414 492 458 528 et
477 487 552 528 fssii
573 487 747 529 diaboli.
777 488 938 538 Omnis,
959 489 1031 540 qui

206 555 291 583 non
316 548 383 584 est
408 545 554 595 justus,
578 557 665 585 non
689 551 755 586 est
778 558 831 586 ex
856 546 964 594 Deo,
989 550 1032 586 et

207 599 280 650 qui
304 612 389 640 non
411 599 550 651 diligit
569 601 744 642 fratrem
764 615 902 642 suum:
928 604 1032 653 quo-

206 655 320 696 niam
353 655 449 698 haec
486 663 551 698 est
583 658 867 707 annuntiatio,
902 671 1032 710 quam

206 711 388 753 audistis
408 713 462 754 ab
481 713 614 771 initio⁷
633 719 680 755 ut
699 713 887 765 diligatis
907 715 1031 756 alter-

206 774 360 809 utrum.
387 769 488 811 Non
508 770 620 811 sicut
639 770 755 818 Cain,
780 771 854 822 qui
873 784 926 812 ex
945 784 1031 812 ma-

206 823 323 875 ligno
341 831 442 875 erat,
463 831 506 867 et
528 826 689 868 occidit
704 827 882 868 fratrem
896 841 1032 868 suum.

205 880 262 922 Et
277 888 459 934 propter
475 883 579 934 quid
595 883 754 925 occidit
770 883 889 925 eum?
919 885 1032 935 Quo-

206 938 321 979 niam
336 941 472 991 opera
487 941 578 991 ejus
593 940 780 990 maligna
796 947 933 982 erant:
953 941 1032 983 fra-

206 994 285 1035 tris
304 1000 450 1037 autem
470 998 559 1049 ejus
579 998 700 1048 justa.

259 1054 306 1103 Rg.
335 1052 485 1094 Omnis
510 1053 790 1106 pulchritudo
815 1054 911 1095 Dfii.
935 1055 1032 1095 320.

508 1118 657 1159 Lectio
679 1118 731 1157 iii.

205 1168 406 1274 Nolite
425 1174 571 1214 mirari
592 1174 756 1225 fratres,
781 1175 815 1215 si
841 1175 935 1217 odit
954 1188 1033 1217 vos

322 1229 519 1271 mundus.
544 1231 638 1272 Nos
653 1232 812 1272 scimus
830 1232 1033 1283 quoniam

205 1286 403 1328 translati
423 1300 570 1328 sumus
590 1287 644 1329 de
663 1294 804 1329 morte
820 1287 875 1330 ad
890 1289 1033 1341 vitam,

207 1343 412 1393 quoniam
427 1343 644 1394 diligimus
659 1344 824 1386 fratres.
849 1345 932 1395 Qui
947 1359 1032 1387 non

206 1397 357 1449 diligit,
376 1406 522 1442 manet
541 1401 583 1441 in
602 1406 757 1442 morte:
783 1402 933 1451 omnis,
960 1403 1033 1454 qui

207 1454 300 1496 odit
328 1456 505 1498 fratrem
534 1471 674 1506 suum,
707 1457 929 1499 homicida
957 1464 1033 1500 est.

205 1511 261 1552 Et
285 1512 403 1554 scitis
425 1514 630 1565 quoniam
654 1515 794 1555 omnis
813 1514 1033 1558 hom-icida

206 1581 292 1609 non
307 1568 440 1610 habet
456 1571 587 1611 vitam
608 1572 815 1612 aeternam
830 1571 871 1611 in
888 1577 1035 1613 semet·

206 1626 304 1676 ipso
336 1628 591 1668 manentem.
633 1628 683 1667 In
712 1626 798 1668 hoc
831 1628 1033 1678 cognovi-

206 1694 302 1721 mus
335 1683 562 1724 caritatem
594 1683 692 1731 Dei,
725 1684 930 1735 quoniam
961 1683 1032 1725 ille

206 1737 392 1778 animam
413 1752 534 1780 suam
558 1752 639 1792 pro
660 1739 786 1781 nobis
805 1740 966 1792 posuit:
990 1745 1034 1781 et

205 1806 286 1834 nos
306 1793 516 1836 debemus
536 1808 617 1848 pro
643 1795 848 1837 fratribus
868 1796 1033 1837 animas

205 1852 381 1902 ponere.
414 1852 497 1902 Qui
520 1851 721 1894 habuerit
747 1851 1033 1894 substantiam

205 1905 330 1958 hujus
349 1907 509 1957 mundi,
533 1913 577 1949 et
596 1907 751 1950 viderit
771 1908 947 1949 fratrem
967 1922 1032 1949 su-

206 1976 278 2003 um
298 1964 602 2006 necessitatem
617 1964 789 2014 habere,
806 1972 848 2006 et
869 1964 1032 2006 clause-

206 2019 262 2060 rit
296 2021 463 2061 viscera
501 2033 578 2061 sua
614 2020 669 2062 ab
702 2033 770 2062 eo:
808 2020 1031 2073 quomodo

206 2076 363 2118 caritas
396 2077 479 2118 Dei
514 2082 659 2119 manet
690 2077 732 2118 in
769 2076 844 2118 eo?
889 2077 1031 2119 Filioli

205 2133 306 2182 mei,
336 2146 423 2175 non
453 2133 682 2184 diligamus
711 2133 861 2183 verbo,
890 2146 1031 2186 neque

205 2188 360 2240 lingua,
381 2190 459 2232 sed
481 2193 614 2243 opere
634 2196 677 2232 et
697 2191 890 2232 veritate.

263 2259 308 2308 R„
335 2251 539 2293 Exaltare
558 2251 755 2292 Domine.
784 2252 882 2291 320.

432 2331 480 2369 In
507 2329 557 2367 11.
585 2328 618 2367 N
622 2330 806 2367 octurno.

207 2402 357 2440 Sermo
384 2399 523 2441 sancti
546 2399 695 2440 Joafiis
719 2398 1031 2450 Chrysostomi.

223 2463 353 2496 Sermo
373 2463 418 2497 de
440 2463 676 2496 Ascensione
699 2461 861 2498 Domini„
880 2466 966 2493 tom.
984 2461 1012 2493 3,

513 2518 661 2558 Lectio
683 2518 734 2556 iv.

211 2576 486 2629 ;ῑζι[“11τὶεῒιιε
519 2577 759 2619 ascendens
790 2577 831 2616 in
863 2576 1032 2625 coelum‚

211 2657 217 2677 i,
350 2639 511 2674 nostrae
530 2638 697 2676 naturae
721 2633 934 2686 primitias
959 2632 1032 2673 ob-

227 2700 242 2709 *
258 2691 264 2698 ‘
349 2689 447 2730 tulit
458 2690 585 2738 Patri,
606 2696 649 2732 et
660 2690 854 2732 oblatum
871 2688 1033 2731 donum

768 168 864 201 Infra
892 168 1074 201 (letarum
1103 168 1130 201 A
1139 169 1362 202 scensionis.

1085 262 1266 304 miratus
1295 268 1361 304 est
1386 263 1533 313 Pater,
1567 261 1687 314 quod
1719 267 1763 304 et
1789 268 1910 305 tanta

1086 318 1271 370 dignitas
1296 319 1521 369 offerebat3
1546 325 1589 361 et
1614 318 1734 371 quod
1759 319 1909 361 offere-

1085 374 1229 424 batur,
1275 375 1392 417 nulla
1436 375 1606 417 macula
1650 374 1909 418 foedabatur.

1084 431 1198 472 Nam
1221 436 1265 474 et
1288 432 1377 473 suis
1396 431 1594 474 manibus
1619 432 1812 484 suscepit
1835 431 1909 474 ob-

1085 487 1229 536 latum,
1254 494 1298 530 et
1320 501 1411 529 suae
1435 487 1552 530 sedis
1571 488 1673 529 fecit
1697 500 1794 529 esse
1813 500 1909 540 par-

1084 545 1271 597 ticipem,
1283 550 1326 586 et
1338 544 1458 596 quod
1467 544 1566 597 plus
1581 549 1658 594 est,
1669 543 1726 586 ad
1739 550 1910 598 partem

1085 614 1176 643 suae
1191 601 1384 644 dexterae
1400 601 1643 643 collocavit.
1664 601 1910 652 Cognosca-

1084 672 1191 708 mus,
1211 659 1309 710 quis
1329 663 1396 700 est
1414 658 1486 699 ille
1507 658 1580 710 qui
1600 657 1774 708 audivit,
1796 657 1909 700 Sede

1086 714 1142 756 ad
1175 714 1399 756 dexteram
1431 727 1587 756 meam:
1624 727 1722 766 quae
1754 717 1910 755 natura

1086 776 1163 820 est,
1187 772 1256 813 cui
1274 772 1395 812 Deus
1415 770 1535 821 dixit,
1558 771 1666 812 Esto
1685 783 1795 812 meae
1812 773 1910 824 par-

1084 828 1226 880 ticeps
1255 827 1383 869 sedis.
1419 827 1499 868 Illa
1522 830 1678 868 natura
1706 832 1782 877 est,
1811 840 1910 879 quae

1085 883 1264 926 audivit:
1291 884 1430 925 Terra
1448 896 1506 933 es,
1522 888 1565 926 et
1583 884 1627 924 in
1641 888 1803 926 terram
1815 882 1910 926 ibis.

1139 952 1189 1003 R.
1214 950 1408 1002 Tempus
1429 954 1506 991 est.
1532 950 1623 990 322.

1394 1022 1545 1063 Lectio
1566 1037 1602 1062 v.

1087 1078 1241 1184 Non
1278 1081 1392 1122 enim
1428 1079 1484 1122 ad
1521 1092 1693 1121 omnem
1727 1079 1910 1130 gloriam

1203 1137 1339 1178 coelos
1349 1139 1557 1178 transisse
1568 1135 1810 1185 suffecerat,
1823 1149 1911 1177 non

1087 1207 1185 1235 cum
1235 1193 1414 1244 Angelis
1465 1198 1597 1234 stare:
1647 1191 1725 1234 sed
1774 1192 1912 1234 coelos

1086 1250 1296 1299 transivit,
1312 1262 1443 1302 supra
1459 1248 1691 1291 Cherubim
1706 1247 1911 1298 ascendit,

1086 1306 1199 1348 ultra
1222 1305 1449 1359 seraphim
1474 1305 1680 1354 elevatur,
1705 1317 1785 1346 nec
1812 1310 1912 1347 ante

1087 1363 1217 1411 stetit,
1245 1363 1328 1403 nisi
1354 1361 1505 1404 sedem
1528 1361 1803 1403 Dominicam
1825 1374 1911 1403 me-

1086 1422 1254 1461 ruisset.
1299 1418 1414 1460 Vide
1453 1431 1540 1470 quo
1574 1418 1719 1471 spatio
1752 1417 1912 1459 coelum

1086 1478 1314 1529 separetur
1333 1488 1359 1516 a
1371 1480 1498 1524 terra,
1513 1474 1600 1515 imo
1615 1479 1732 1516 terra
1747 1478 1911 1526 quanto

1086 1532 1141 1574 ab
1169 1532 1316 1573 inferis
1342 1531 1482 1581 abest,
1511 1536 1554 1572 et
1580 1530 1727 1583 ipsum
1753 1529 1913 1572 coelum

1087 1594 1251 1640 quanto
1276 1587 1331 1629 ab
1356 1587 1509 1629 altiore
1534 1586 1648 1628 coelo
1673 1588 1912 1639 separatur,

1087 1651 1130 1686 et
1171 1644 1225 1686 de
1268 1644 1421 1685 altiore
1464 1642 1577 1685 coelo
1621 1641 1679 1684 ad
1718 1641 1913 1692 Angelos

1087 1705 1296 1752 quantum
1320 1699 1451 1752 spatii
1475 1704 1555 1747 est,
1580 1697 1637 1740 ad
1663 1697 1912 1751 superiores

1086 1756 1216 1798 etiam
1231 1756 1490 1803 Potestates‚
1509 1753 1566 1796 ad
1579 1754 1720 1807 ipsam
1736 1766 1912 1806 quoque

1085 1812 1359 1853 Dominicam
1385 1810 1546 1853 sedem.
1582 1811 1722 1863 Super
1746 1809 1842 1852 haec
1868 1812 1912 1851 o-

1085 1869 1201 1910 mnia
1223 1871 1376 1910 natura
1398 1873 1547 1909 nostra
1571 1866 1741 1908 elevata
1765 1871 1842 1914 est,
1865 1871 1913 1908 ut

1084 1924 1235 1975 homo,
1269 1924 1342 1976 qui
1373 1923 1473 1965 loco
1501 1929 1590 1965 tam
1617 1921 1767 1963 humili
1797 1927 1913 1964 tene·

1086 1981 1230 2031 batur,
1262 1986 1310 2022 ut
1342 1978 1608 2022 descendere
1640 1991 1728 2020 non
1759 1984 1913 2032 posset

1085 2038 1280 2087 ulterius,
1312 2036 1368 2079 ad
1399 2042 1489 2078 tam
1517 2035 1734 2077 excelsam
1762 2034 1913 2077 sedem

1086 2094 1346 2143 elevaretur,
1383 2098 1429 2135 ut
1468 2092 1596 2134 altius
1632 2104 1720 2133 non
1760 2097 1913 2145 posset

1085 2150 1334 2193 ascendere.

1141 2218 1189 2268 R.
1213 2215 1314 2257 Non
1333 2213 1542 2256 turbetur.
1562 2214 1661 2255 322.-

1389 2290 1539 2330 Lectio
1560 2290 1611 2330 vi.

1214 2349 1310 2391 haec
1342 2347 1578 2390 ostendens
1604 2347 1765 2388 Paulus
1797 2346 1910 2389 dice-

1187 2406 1278 2448 bat:
1324 2405 1405 2455 Qui
1439 2403 1682 2453 descendit,
1714 2404 1809 2456 ipse
1842 2410 1910 2445 est

1086 2463 1158 2515 qui
1179 2461 1384 2504 ascendit.
1407 2461 1463 2502 Et
1482 2463 1652 2502 iterum:
1670 2458 1910 2501 Descendit

1085 2519 1140 2561 ad
1163 2518 1366 2559 inferiora
1388 2523 1532 2563 terrae,
1557 2522 1599 2557 et
1623 2514 1818 2557 ascendit
1843 2528 1909 2556 su-

1086 2588 1164 2629 per
1197 2587 1346 2615 omnes
1382 2572 1530 2614 coelos.
1583 2571 1748 2613 Discite
1780 2571 1909 2621 igitur

1087 2631 1283 2683 quisnam
1311 2627 1523 2678 ascendit,
1556 2633 1599 2669 et
1630 2640 1728 2679 quae
1756 2630 1909 2668 natura

1086 2688 1256 2730 elevata
1292 2692 1368 2727 est.
1422 2685 1471 2725 In
1506 2684 1592 2725 hoc
1628 2683 1740 2725 enim
1778 2683 1907 2736 eripio
