2066 2956
883 202 998 236 Festa
1023 202 1182 246 Aprilis.
1208 203 1265 244 (9.)

221 314 319 343 cum
344 300 543 344 infideles
568 303 759 355 populos
787 303 1048 346 catholicam

219 357 352 399 fidem
373 358 564 408 doceret,
583 360 835 401 innumeros
850 360 875 401 J
878 373 954 402 esu
969 373 1049 414 per

220 415 506 465 Evangelium
525 415 640 457 filios
658 417 818 467 genuit.
846 417 940 459 Nec
955 430 1048 460 ver-

219 471 277 514 bo
292 471 434 513 solum
449 472 625 525 profuit.
644 474 800 525 Itaque
816 474 931 524 regis
948 474 1047 517 Gal-

219 528 362 569 lorum
386 528 597 570 Clodovei
622 529 884 572 liberalitate
909 532 1046 573 sancti

219 584 374 625 Hilarii
409 586 722 627 monasterium
758 586 877 639 apud
909 588 1048 630 Picta-

218 654 297 682 vos
312 640 560 683 admonitus
573 642 843 694 instauravit,
859 648 1048 686 sacrum—

219 710 304 749 que
323 699 414 750 ejus
434 711 596 751 corpus
611 698 970 742 honorificentius
985 714 1047 743 re·

218 753 430 805 condidit3
458 761 551 797 tum
576 755 697 797 varia
723 755 779 798 ad
806 757 1047 806 Mosellam,

218 812 512 863 Argentorati,
529 812 673 853 Curiae
687 812 958 864 Rhaetorum,
974 815 1047 856 ali-

217 868 349 921 bique
369 868 571 910 coenobia
591 870 818 911 exstr1'1xit.

269 931 320 983 R.
347 931 593 971 Honestum
615 930 727 971 fecit.

527 1000 678 1042 Lectio
699 1015 735 1041 v.

295 1065 453 1106 andem
479 1065 726 1116 Sichingam
754 1079 895 1119 prope
924 1067 1045 1108 Basi-

319 1122 431 1163 leam
461 1122 595 1171 venit,
627 1122 702 1163 ubi
731 1122 881 1164 sedem
910 1124 1046 1175 figere

217 1183 349 1229 atque
375 1177 429 1219 ab
448 1178 651 1219 itinerum
676 1178 901 1221 laboribus
928 1181 1045 1233 quie-

217 1247 339 1276 scere
357 1247 410 1276 ex
426 1234 574 1276 divino
591 1235 771 1277 oraculo
786 1236 1046 1279 instituerat.

216 1290 303 1332 Sed
341 1291 504 1332 accolae
542 1292 661 1344 passi
693 1305 782 1333 non
818 1299 919 1335 sunt
950 1307 1044 1336 san-

217 1352 334 1389 ctum
363 1348 502 1389 virum
530 1348 590 1390 ibi
623 1351 882 1400 consistere,
915 1351 1044 1392 male-

217 1417 302 1456 que
338 1404 536 1446 habitum
572 1408 824 1458 caesumque
856 1407 1043 1449 verberi-

215 1461 314 1510 bus,
343 1461 500 1503 finibus
529 1462 619 1502 suis
648 1462 862 1504 excedere
892 1467 1043 1516 coege-

215 1523 326 1559 runt.
360 1519 515 1570 Itaque
540 1521 721 1560 coactus
744 1532 892 1571 regem
912 1520 1044 1571 adire,

216 1587 240 1615 a
261 1587 348 1626 quo
365 1575 572 1616 facultate
588 1574 750 1617 ibidem
766 1576 952 1628 benigne
968 1578 1043 1619 im-

214 1633 405 1682 petrata,
437 1644 523 1673 non
556 1631 689 1673 modo
723 1633 932 1684 virorum,
965 1635 1043 1676 sed

216 1687 346 1728 etiam
387 1688 781 1730 sanctimonialium
826 1693 1042 1733 monaste-

214 1743 325 1784 rium
350 1745 552 1794 instituit,
579 1745 846 1799 optimisque
872 1747 1043 1798 legibus

215 1813 266 1841 ac
284 1801 493 1842 institutis
511 1803 785 1854 temperavit.

268 1862 319 1913 R.
344 1862 522 1904 Amavit
540 1875 650 1904 eum.

517 1935 668 1977 Lectio
689 1937 740 1976 vi.

214 1991 357 2097 Inter
373 2002 518 2042 cetera
536 2007 683 2044 autem
701 2003 922 2054 miracula,
942 2018 1042 2058 quae

281 2069 361 2108 per
385 2056 506 2098 illum
525 2058 740 2101 Dominus
760 2060 909 2110 edidit,
933 2061 1041 2103 illud

213 2117 280 2153 est
306 2113 519 2165 imprimis
544 2115 726 2166 insigne,
754 2117 873 2185 quod
900 2118 1041 2160 civem
1100 2140 1103 2154 =

215 2168 534 2219 Claronensem,
554 2171 713 2213 Ursum
729 2174 915 2223 nomine,
935 2187 958 2215 e
977 2178 1040 2217 111-

212 2226 331 2268 1111110
356 2228 592 2270 excitatum
615 2233 834 2283 manuque
858 2231 1039 2284 prehen-

213 2295 308 2323 sum
344 2283 387 2324 in
420 2284 626 2335 judicium
661 2286 862 2337 adduxit,
900 2294 948 2330 ut
985 2288 1039 2331 de

212 2338 338 2380 bonis
383 2343 650 2384 monasterio
688 2343 844 2395 legatis
891 2358 1039 2387 coram

211 2394 488 2446 Landgravio
525 2399 824 2442 testimonium
862 2402 1038 2445 diceret.

211 2451 411 2505 Denique
431 2455 551 2496 senio
572 2456 808 2507 confectus,
828 2458 1038 2501 virtutum

211 2511 443 2561 rerumque
458 2514 679 2561 gestarum
693 2490 832 2564 gloria
846 2515 1037 2566 illustris,

210 2564 352 2617 pridie
379 2565 530 2609 Nonas
558 2568 704 2611 Martii
733 2572 849 2613 circa
877 2585 1038 2614 annum

210 2621 362 2663 salutis
406 2622 606 2666 humanae
645 2627 1037 2678 quingentesimum

211 2677 429 2720 decimum
455 2687 655 2732 quartum
680 2685 869 2726 excessit
894 2698 916 2727 e
937 2686 1036 2728 vita.

209 2735 390 2777 Sacrum
405 2748 567 2789 corpus
581 2738 798 2791 Sichingae
812 2742 956 2793 primo
972 2755 1035 2784 se-

1098 304 1271 357 pultum
1297 311 1373 348 est.
1415 306 1544 348 Anno
1570 306 1730 350 deinde
1755 308 1929 351 millesi-

1098 373 1171 402 mo
1210 363 1521 405 trecentesimo
1565 364 1928 417 quinquagesimo

1100 419 1304 470 septimo,
1333 418 1404 462 die
1430 420 1643 471 vigesimo
1670 421 1878 471 Januarii,
1904 435 1929 464 a

1099 474 1340 528 Rudolpho
1387 482 1544 530 quarto
1581 478 1774 520 Austriae
1817 477 1929 521 duce

1100 530 1219 573 dono
1242 535 1484 586 acceptum,
1507 534 1551 575 in
1570 535 1770 577 Ecclesia
1788 536 1929 578 8311011

1098 588 1328 641 Stephani,
1361 603 1461 642 quae
1490 604 1606 633 nunc
1634 597 1701 634 est
1727 592 1772 633 in
1797 593 1928 635 Vien-

1099 646 1222 686 nensi
1247 646 1356 688 urbe
1380 647 1734 701 Metropolitana,
1760 662 1929 691 summa

1094 703 1380 745 'veneratione
1399 708 1466 745 est
1485 704 1773 746 reconditum.

1154 759 1204 810 R.
1228 760 1317 802 Iste
1338 760 1482 802 homo.

1152 827 1196 862 In
1220 827 1503 862 111.Nocturno
1527 827 1700 864 Homilia
1724 829 1763 864 in
1784 830 1930 876 Evang.

1101 876 1183 912 Sint
1206 878 1328 913 lumbi
1350 879 1471 914 vestri
1490 879 1700 924 praecincti.
1725 878 1773 948 de
1793 879 1931 915 eodem

1101 923 1306 960 Communi
1331 923 1480 958 1.1oco.

1151 977 1284 1011 Lectio
1302 977 1352 1011 ix.
1375 977 1422 1011 de
1444 977 1617 1012 Homilia
1639 977 1763 1014 Feriae
1785 989 1930 1016 occurr.

1343 1060 1427 1102 Die
1447 1061 1486 1101 9.
1505 1059 1683 1113 Aprilis.

1123 1128 1166 1169 S.
1194 1127 1372 1171 Mariae
1400 1129 1714 1224 Aggylptiacae
1744 1131 1899 1173 Poenit.

1468 1200 1520 1234 up
1540 1200 1599 1226 ex.

1154 1250 1292 1286 Omnia
1324 1251 1371 1286 de
1400 1251 1605 1287 Communi
1631 1263 1704 1288 nec
1727 1253 1833 1297 Virg.
1858 1256 1930 1290 nec

1098 1298 1206 1334 Mart.
1231 1303 1372 1343 praeter
1396 1310 1502 1343 sequ.

1435 1351 1601 1394 Oratio.

1184 1420 1272 1457 0118,
1292 1407 1367 1459 qui
1384 1407 1560 1449 beatam
1580 1407 1764 1450 Mariam
1783 1408 1838 1451 de
1858 1422 1926 1451 03-

1215 1464 1346 1515 ligine
1374 1464 1582 1506 vitiorum
1610 1467 1824 1518 ereptam,
1856 1478 1927 1507 03-

1094 1520 1275 1562 hibuisti
1299 1520 1378 1563 tibi
1404 1533 1627 1574 sponsam:
1657 1521 1818 1564 exaudi
1843 1534 1926 1564 nos

1094 1577 1313 1630 propitius
1338 1582 1382 1620 et
1407 1577 1619 1629 concede;
1642 1583 1691 1621 ut
1713 1579 1805 1630 ejus
1830 1580 1926 1632 pre-

1096 1634 1219 1676 cibus
1239 1639 1284 1676 et
1300 1635 1479 1684 meritis,
1503 1647 1529 1676 a
1547 1637 1834 1688 peccatorum
1850 1648 1925 1677 no-

1095 1694 1286 1733 strorum
1308 1691 1492 1733 maculis
1510 1691 1808 1734 emundemur.
1839 1691 1926 1734 Per

1093 1747 1331 1790 Dominum
1348 1753 1559 1790 nostrum.

1146 1816 1191 1851 In
1215 1816 1242 1851 Ι.
1266 1816 1467 1852 Nocturno
1493 1816 1596 1853 Lect.
1623 1817 1663 1853 111
1689 1818 1926 1863 Quadrages.

1098 1863 1145 1899 de
1170 1864 1390 1900 Communi:
1415 1865 1610 1902 Mulierem
1634 1867 1783 1903 fortem.

1149 1917 1269 1952 Extra
1289 1918 1482 1963 Quadrag.
1507 1919 1554 1954 de
1579 1918 1716 1963 Script.
1741 1929 1886 1955 occurr.

1330 1993 1380 2033 In
1398 1994 1449 2034 H.
1469 1993 1694 2036 Nocturno.

1397 2059 1584 2101 Lectio
1573 2074 1626 2102 iv.

1120 2153 1210 2183 a«
1252 2121 1344 2160 aria
1368 2119 1658 2184 uAEgyptiaca,
1692 2132 1791 2173 quae
1821 2132 1922 2173 pec-

1096 2183 1183 2235 (ζ
1182 2180 1210 2232 ς
1269 2176 1409 2217 catrix
1439 2176 1705 2229 appellatur,
1738 2175 1923 2230 quadra-

1197 2240 1199 2243 ·
1239 2230 1386 2283 ginta
1405 2238 1577 2286 septem
1593 2233 1716 2275 annis
1735 2234 1921 2276 arctissi-

1091 2301 1207 2330 mam
1223 2289 1359 2331 vitam
1377 2289 1512 2340 duxit,
1531 2290 1575 2331 in
1587 2291 1789 2332 eremum
1807 2290 1922 2332 circa

1091 2358 1251 2387 annum
1280 2346 1458 2388 Domini
1490 2346 1844 2389 trecentesimum
1878 2353 1922 2389 et

1091 2403 1411 2453 octogesimum
1435 2404 1642 2455 ingressa.
1683 2404 1799 2446 Nata
1829 2409 1922 2446 erat

1090 2459 1134 2500 in
1161 2461 1374 2513 AEgyptm
1407 2466 1453 2502 01
1485 2460 1748 2503 duodecimo
1777 2461 1920 2503 aetatis

1090 2529 1204 2558 anno
1233 2517 1548 2559 Alexandriam
1579 2517 1716 2567 venit,
1747 2517 1823 2558 ubi
1855 2530 1919 2559 se-

1090 2578 1212 2626 ptem
1238 2579 1282 2616 et
1307 2573 1462 2616 decem
1490 2574 1612 2615 annis
1641 2587 1687 2616 se
1716 2573 1920 2617 omnibus

1090 2630 1377 2682 ignominiose
1393 2630 1629 2684 prostituit.
1650 2631 1758 2672 Cum
1774 2637 1920 2674 autem

1089 2687 1213 2729 multi
1247 2699 1301 2728 ex
1338 2699 1389 2728 ea
1422 2687 1531 2729 urbe
1566 2688 1920 2741 Hierosolymam

1089 2746 1324 2796 pergerent
1346 2757 1523 2786 crucem
1542 2743 1719 2786 Domini
1743 2757 1919 2786 venera-
