2028 2892
186 193 258 229 298

188 301 266 339 gas
286 288 340 330 de
359 287 544 341 templo,
570 287 720 329 vestiti
742 286 831 327 lino
850 284 1014 327 mundo

190 350 234 387 et
252 343 458 394 candido,
486 349 531 386 et
552 343 782 397 praecincti
808 342 924 384 circa
942 343 1014 394 pe-

189 406 310 443 ctora
341 402 464 443 zonis
497 400 652 442 aureis.
695 400 753 441 Et
789 412 924 440 unum
959 397 1014 439 de

189 460 377 510 quatuor
409 457 665 499 animalibus
694 455 818 498 dedit
846 459 1014 507 septem

188 514 368 566 Angelis
414 519 584 567 septem
628 513 797 567 phialas
842 515 1014 560 aureaS‚

186 570 340 623 plenas
374 570 612 612 iracundiae
637 570 721 611 Dei
753 568 939 610 viventis
970 568 1014 608 in

187 627 349 669 saecula
380 627 653 669 saeculOrum.
699 626 756 667 Et
787 624 1014 678 impletum

187 689 254 725 est
272 684 484 737 templum
504 684 622 725 fumo
638 696 663 724 a
677 683 904 735 maiestate
918 681 1014 730 Dei,

188 746 232 782 et
251 740 306 782 de
324 741 486 782 virtute
505 742 611 793 eius:
631 745 676 782 et
693 751 822 780 nemo
838 740 1016 790 peterat

186 797 366 839 introire
398 798 441 838 in
472 797 702 850 templum,
740 794 882 837 donec
914 806 1013 836 con-

187 856 506 896 summarentur
550 859 719 906 septem
763 851 905 904 plagae
949 863 1012 892 se-

186 915 307 963 ptem
326 911 605 962 Angelorum.

244 976 291 1027 R„
316 976 412 1027 Ego
437 976 559 1017 sicut.
584 989 677 1016 cum
710 973 860 1015 Gloria
883 972 1013 1014 Patri.

187 1032 400 1079 Transite.
422 1033 461 1072 in
485 1032 579 1073 fine.
597 1032 684 1072 291.

292 1115 441 1156 Lectio
464 1116 516 1154 iii.
732 1116 833 1167 Cap.
851 1117 907 1155 16.

298 1180 445 1223 audivi
460 1193 615 1222 vocem
624 1192 826 1231 magnam
839 1178 894 1221 de
908 1183 1012 1221 tem-

277 1238 369 1291 plo,
393 1237 611 1279 dicentem
629 1241 799 1288 septem
819 1235 1013 1287 Angelis:

187 1295 265 1345 Ite,
285 1300 328 1337 et
347 1293 554 1337 effundite
571 1297 740 1346 septem
754 1292 923 1345 phialas
936 1292 1013 1334 irae

187 1352 272 1393 Dei
290 1352 334 1392 in
353 1356 525 1393 terram.
558 1350 615 1391 Et
635 1349 742 1391 abiit
760 1349 943 1402 primus,
971 1354 1014 1391 et

189 1407 342 1449 effudit
361 1407 553 1460 phialam
572 1419 695 1447 suam
712 1406 756 1446 in
774 1411 946 1456 terram,
971 1410 1015 1447 et

187 1464 351 1506 factum
376 1468 442 1506 est
466 1463 621 1505 vulnus
645 1476 828 1512 saevum,
855 1467 899 1504 et
917 1464 1013 1515 pes-

190 1521 344 1562 simum
371 1521 415 1562 in
442 1520 660 1570 hemines,
694 1520 769 1571 qui
795 1518 1015 1561 habebant

190 1577 487 1619 characterem
506 1576 686 1618 bestiae:
702 1580 745 1617 et
763 1576 807 1616 in
826 1588 920 1625 eos,
940 1575 1015 1627 qui

189 1633 482 1675 adoraverunt
499 1634 732 1684 imaginem
751 1634 852 1684 ejus.
877 1632 934 1673 Et
951 1645 1015 1673 se-

191 1689 362 1731 cundus
399 1690 593 1741 Angelus
635 1687 789 1730 effudit
824 1687 1015 1740 phialam

191 1759 313 1787 suam
327 1746 369 1787 in
384 1759 513 1795 mare,
533 1751 577 1787 et
590 1745 730 1786 factus
751 1749 818 1786 est
837 1744 1014 1795 sanguis

192 1807 414 1854 tamquam
438 1802 611 1843 mortui:
644 1806 687 1843 et
710 1801 850 1842 omnis
873 1801 1016 1841 anima

193 1859 344 1900 vivens
362 1860 535 1900 mortua
554 1862 621 1899 est
638 1858 682 1898 in
700 1857 821 1898 mari.
852 1857 909 1898 Et
933 1858 1015 1898 ter-

193 1915 279 1957 tius
315 1914 469 1957 effudit
503 1914 694 1967 phialam
730 1926 852 1954 suam
884 1925 1016 1965 super

195 1971 387 2021 flumina,
415 1976 458 2013 et
482 1983 614 2023 super
629 1970 774 2022 fontes
793 1971 1015 2021 aquarum,

195 2032 239 2070 et
274 2028 414 2070 factus
452 2032 519 2069 est
550 2026 737 2078 sanguis.
781 2026 839 2067 Et
871 2024 1017 2067 audivi

195 2083 410 2135 Angelum
442 2085 654 2135 aquarum
686 2082 915 2124 dicentem:
946 2082 1016 2123 Ju-

195 2145 287 2182 stus
307 2153 355 2182 es
373 2140 573 2189 Demine,
592 2139 667 2191 qui
686 2152 744 2187 es,
764 2143 807 2180 et
826 2139 901 2190 qui
920 2151 1016 2180 eras

195 2202 390 2247 sanctus,
423 2197 498 2249 qui
528 2196 625 2238 haec
657 2194 875 2248 iudicasti:
917 2195 1018 2247 quia

196 2254 451 2305 sanguinem
473 2253 732 2295 Sanctorum
757 2256 800 2293 et
823 2251 1016 2304 Prophe—

194 2312 338 2351 tarum
373 2308 638 2358 effuderunt,
683 2314 727 2350 et
763 2308 1017 2359 sanguinem

196 2366 258 2408 eis
278 2366 437 2408 dedisti
450 2366 616 2408 bibere:
637 2364 755 2416 digni
774 2364 887 2406 enim
906 2369 1016 2406 sunt.

254 2428 312 2468 Te
331 2428 471 2469 Deum
490 2425 727 2469 laudamus.
745 2426 804 2466 15.

253 2490 318 2531 Ad
356 2493 513 2534 Iicncd.
557 2495 653 2534 Ant.
699 2493 753 2532 Et
784 2490 962 2531 intravit
993 2491 1015 2517 *

198 2559 296 2587 cum
319 2546 416 2588 illis:
450 2552 493 2588 et
520 2547 682 2589 factum
710 2551 792 2595 est,
824 2545 927 2587 dum
954 2559 1016 2587 re-

198 2602 422 2645 cumberet
441 2616 538 2644 cum
555 2603 649 2653 illis,
671 2603 841 2656 accepit
860 2615 1017 2655 panem

199 2663 242 2700 et
260 2658 497 2708 benedixit,
525 2673 576 2701 ac
595 2660 736 2711 fregit,
765 2665 808 2701 et
827 2659 1016 2712 porrige-

198 2714 274 2756 bat
292 2714 386 2764 illis,
406 2715 585 2768 alleluja,
604 2716 786 2768 alleluja.

586 195 682 228 Infra
714 195 1004 228 llcbclomadzxm
1034 194 1081 227 iii.
1108 200 1194 237 post
1222 198 1299 228 oct.
1327 195 1496 228 vast—hm.

1126 292 1191 333 Ad
1228 293 1397 340 Magnif.
1450 294 1544 331 Ant.
1597 291 1735 329 Amen
1766 300 1893 330 amen

1069 339 1169 382 dico
1201 342 1342 394 vobis,
1369 345 1392 370 *
1420 345 1578 385 iterum
1609 343 1770 386 videbo
1800 357 1893 395 vos,

1069 401 1113 438 et
1139 397 1347 449 gaudebit
1374 412 1451 441 cor
1477 405 1689 450 vestrum,
1721 406 1765 443 et
1789 405 1892 453 gau-

1070 452 1189 495 dium
1207 460 1401 498 vestrum
1419 469 1548 498 nemo
1566 457 1694 499 tollet
1712 470 1738 499 a
1755 457 1893 508 vobis,

1068 510 1250 563 alleluja.

1272 629 1456 665 Feria
1490 628 1690 666 Sexta.

1075 693 1134 731 De
1157 689 1270 732 libro
1290 690 1585 743 Apocalypsis
1610 689 1727 732 beati
1743 691 1893 733 Joafiis

1375 746 1592 800 Apostoli.

1175 820 1322 862 Lectio
1346 822 1366 860 i.
1608 822 1710 873 Cap.
1732 823 1789 861 19.

1077 880 1893 982 {Vs-⁰ss1irssffin5u1ssssiiaffifflinv‘ssffiffi

1068 992 1320 1036 dicentium:
1345 994 1546 1048 Alleluia:
1570 994 1711 1047 Salus,
1736 1000 1780 1038 et
1802 996 1894 1048 gle-

1067 1050 1146 1101 ria,
1173 1056 1216 1094 et
1234 1052 1372 1093 virtus
1391 1051 1488 1093 Deo
1507 1056 1662 1094 nostro
1681 1056 1762 1095 est:
1791 1052 1894 1105 quia

1066 1120 1181 1158 vera,
1201 1113 1244 1150 et
1263 1109 1375 1159 justa
1392 1106 1551 1160 judicia
1571 1112 1672 1150 sunt
1691 1109 1793 1161 eius,
1818 1109 1894 1162 qui

1066 1162 1273 1215 iudicavit
1291 1163 1346 1206 de
1362 1166 1591 1206 meretrice
1605 1177 1773 1216 magna,
1793 1177 1893 1218 quae

1067 1220 1265 1273 corrupit
1299 1225 1461 1262 terram
1501 1220 1546 1261 in
1580 1221 1893 1273 prostitutione

1066 1289 1160 1326 sua,
1189 1281 1233 1318 et
1259 1275 1498 1318 vindicavit
1525 1277 1780 1329 sanguinem
1807 1290 1893 1320 ser-

1066 1334 1221 1374 verum
1257 1335 1436 1374 suorum
1472 1332 1527 1375 de
1557 1333 1758 1375 manibus
1791 1335 1893 1387 ejus.

1066 1389 1123 1431 Et
1152 1391 1310 1431 iterum
1342 1388 1561 1431 dixerunt:
1593 1389 1792 1442 Alleluia.
1835 1391 1894 1432 Et

1066 1445 1209 1487 fumus
1234 1447 1325 1498 eius
1353 1445 1549 1488 ascendit
1571 1446 1616 1487 in
1633 1446 1797 1488 saecula
1815 1459 1893 1488 sae-

1067 1502 1275 1544 cu16rum.
1323 1503 1380 1545 Et
1411 1501 1666 1544 ceciderunt
1699 1503 1894 1546 seniores

1067 1559 1425 1611 vigintiquatuor,
1450 1564 1494 1601 et
1520 1561 1709 1611 quatuor
1734 1559 1892 1602 anima-

1067 1615 1140 1665 lia,
1177 1620 1221 1657 et
1251 1614 1545 1657 adoraverunt
1570 1615 1714 1658 Deum
1740 1615 1893 1658 seden-

1068 1676 1158 1713 tem
1212 1685 1344 1724 super
1395 1671 1619 1723 thronum,
1677 1671 1894 1715 dicentes:

1069 1727 1223 1769 Amen:
1247 1727 1445 1780 Alleluia.
1475 1728 1533 1769 Et
1551 1740 1640 1769 vox
1658 1727 1713 1770 de
1731 1727 1891 1770 throno

1069 1784 1217 1834 exivit,
1242 1783 1407 1826 dicens:
1429 1782 1627 1825 Laudem
1645 1783 1776 1826 dicite
1793 1785 1892 1827 Deo

1067 1845 1221 1882 nostro
1241 1853 1392 1882 omnes
1412 1840 1528 1882 servi
1546 1841 1652 1893 eius:
1678 1846 1722 1883 et
1745 1841 1820 1894 qui
1842 1841 1892 1884 ti-

1067 1896 1195 1938 metis
1215 1909 1324 1947 eum,
1343 1896 1488 1949 pusilli
1508 1901 1552 1938 et
1569 1898 1726 1949 magni.

1121 1962 1169 2013 Ru
1197 1957 1394 1999 Locutus
1414 1961 1491 1999 est.
1510 1958 1597 1998 291.

1380 2036 1528 2077 Lectio
1548 2036 1585 2074 ii.

1146 2101 1165 2138 t
1204 2095 1350 2138 audivi
1390 2097 1515 2148 quasi
1556 2109 1712 2138 vocem
1750 2096 1892 2138 turbae

1158 2165 1345 2203 magnae,
1378 2158 1422 2195 et
1446 2153 1558 2194 sicut
1582 2165 1739 2194 vocem
1762 2155 1892 2204 aqua-

1069 2222 1165 2250 rum
1183 2209 1431 2259 multarum,
1456 2214 1500 2251 et
1524 2209 1636 2251 sicut
1654 2221 1811 2251 vocem
1828 2213 1893 2250 to-

1068 2265 1311 2307 nitruorum
1337 2267 1612 2316 magnorum,
1644 2264 1895 2307 dicentium:

1070 2321 1269 2374 Alleluia:
1296 2323 1503 2373 quoniam
1525 2322 1725 2373 regnavit
1746 2321 1893 2363 Demi-

1068 2391 1150 2419 nus
1164 2378 1285 2419 Deus
1299 2383 1450 2420 noster
1465 2381 1754 2431 omnipotens.
1779 2378 1893 2419 Gau-

1069 2433 1267 2483 deamuS,
1294 2439 1338 2476 et
1362 2434 1646 2484 exsultemus,
1673 2439 1718 2476 et
1739 2433 1894 2476 demus

1068 2490 1251 2542 gloriam
1276 2490 1333 2532 ei:
1362 2490 1464 2542 quia
1487 2491 1702 2532 venerunt
1726 2489 1892 2542 nuptiae

1070 2547 1200 2597 Agni‚
1228 2551 1271 2588 et
1294 2559 1405 2588 uxor
1428 2547 1518 2597 ejus
1542 2546 1812 2598 praeparavit
1834 2558 1893 2587 se.

1069 2604 1125 2645 Et
1152 2603 1302 2645 datum
1329 2607 1396 2644 est
1421 2601 1483 2643 illi
1515 2607 1564 2643 ut
1592 2602 1817 2654 cooperiat
1844 2614 1892 2644 se

1068 2659 1247 2711 byssino
1301 2657 1547 2711 splendenti
1597 2663 1641 2700 et
1693 2657 1892 2700 candido.

1069 2715 1301 2767 Byssinum
1319 2715 1433 2756 enim
1450 2714 1777 2766 iustificationes
1792 2719 1892 2756 sunt
