2066 2904
441 159 511 192 Die
534 160 564 192 6.
587 158 687 197 Maii.
737 157 771 190 S.
797 157 962 190 Joannis
990 159 1125 201 Apost.
1152 163 1238 191 ante
1263 166 1412 201 portam
1443 159 1625 192 Latinam.

166 259 342 310 Petrus,
372 259 446 311 qui
472 260 657 299 uxorem
680 255 911 306 habuerat,
939 257 999 297 in-

166 317 394 366 terrogare
422 327 510 355 non
541 313 690 363 audet,
724 312 847 353 illum
871 317 1000 363 rogat

167 376 215 412 ut
235 371 491 422 interroget3
520 375 563 411 et
587 374 693 422 post
716 369 999 409 resurrectio-

166 439 285 476 nem,
315 426 542 467 nuntiante
574 426 713 465 Maria
740 423 999 475 Magdalene

169 482 289 534 quod
307 483 524 523 Dominus
542 483 867 531 resurrexisset,
886 483 999 522 uter-

169 552 253 590 que
285 539 477 580 cucurrit
509 538 566 579 ad
594 537 889 590 sepulchrum,
921 536 1000 578 sed

166 594 241 636 ille
270 595 503 647 praevenit:
549 606 735 646 cumque
773 598 920 635 essent
956 593 999 633 in

166 651 284 700 navi,
311 656 355 692 et
375 651 654 703 piscarentur
677 650 721 691 in
740 650 839 691 lacu
860 650 999 691 Gene-

167 708 330 758 sareth,
355 710 379 750 J
383 721 485 749 esus
505 707 651 749 stabat
668 707 712 747 in
730 707 894 755 littore,
918 719 1000 747 nec

168 765 365 807 sciebant
390 764 599 817 Apostoli
628 776 758 816 quem
786 762 1000 804 viderent:

167 821 288 862 solus
317 822 441 872 virgo
470 821 684 871 virginem
711 819 927 870 agnoscit,
957 824 1000 860 et

168 876 274 919 dicit
293 878 425 919 Petro
433 882 446 918 :'
459 878 677 918 Dominus
697 882 774 918 est.

216 936 266 985 R.
295 934 393 974 Lux
416 936 633 986 perpetua
651 933 817 974 lucebit
836 933 999 974 sanctis

166 990 252 1032 tuis
280 991 489 1039 Domine,
508 994 530 1016 *
557 990 616 1030 Et
644 989 865 1030 aeternitas
893 991 998 1030 tem-

166 1059 341 1099 porum,
360 1047 548 1098 alleluja,
573 1045 756 1097 alleluja.
791 1042 840 1093 V.
868 1045 997 1086 Laeti-

166 1103 227 1143 tia
263 1104 531 1156 sempiterna
557 1102 650 1143 erit
683 1114 817 1154 super
854 1101 999 1153 capita

167 1161 333 1200 eorum:
359 1158 568 1210 gaudium
594 1164 638 1199 et
661 1157 999 1199 exsultationem

167 1214 437 1257 obtinebunt.
464 1216 532 1256 Et.

266 1301 270 1306 -
474 1272 625 1312 Lectio
645 1286 682 1311 v.

246 1327 310 1370 uit
338 1333 485 1370 autem
512 1328 536 1368 J
540 1329 704 1369 oannes
733 1331 778 1368 et
804 1327 997 1378 Aposto-

260 1385 339 1434 lus,
359 1390 403 1426 et
420 1383 714 1435 Evangelista,
741 1388 785 1424 et
803 1382 997 1435 Prophe-

164 1446 224 1482 ta:
245 1440 503 1493 Apostolus,
524 1440 626 1492 quia
647 1439 823 1491 scripsit
841 1437 898 1480 ad
917 1439 997 1480 Ec-

165 1497 321 1538 clesias
359 1502 408 1538 ut
445 1499 668 1547 magister:
705 1495 997 1545 Evangelista,

166 1553 266 1605 quia
310 1552 470 1594 librum
516 1551 742 1603 Evangelii
789 1550 997 1599 condidit,

164 1607 285 1660 quod
321 1610 509 1661 excepto
545 1607 773 1656 Matthaeo,
828 1607 900 1647 alii
943 1620 997 1648 ex

163 1664 398 1707 duodecim
426 1664 634 1718 Apostoli
666 1676 753 1705 non
784 1663 997 1704 fecerunt:

161 1721 403 1774 Propheta,
445 1720 556 1762 vidit
592 1720 708 1762 enim
739 1720 783 1760 in
814 1719 996 1760 Patmos

162 1777 319 1828 insula,
347 1778 390 1818 in
417 1790 502 1830 qua
526 1777 670 1818 fuerat
696 1789 721 1817 a
740 1775 995 1817 Domitiano

161 1834 360 1886 principe
380 1833 436 1875 ob
456 1833 637 1874 Domini
653 1832 913 1884 martyrium
932 1844 996 1873 re-

161 1887 349 1940 legetus,
377 1889 714 1942 Apocalypsim,
741 1889 910 1929 infinita
934 1888 995 1928 fu-

161 1947 362 1987 turorum
375 1946 583 1998 mysteria
594 1945 901 1987 continentem.
919 1944 997 1984 Re-

163 2001 247 2042 fert
271 2007 420 2043 autem
437 2001 735 2043 Tertullianus
763 2000 884 2052 quod
908 2001 996 2041 Ro-

162 2070 246 2098 mae
262 2058 422 2099 missus
436 2058 480 2098 in
495 2057 703 2099 ferventis
719 2056 805 2098 olei
817 2055 994 2105 dolium,

162 2113 315 2166 purior
341 2118 386 2155 et
407 2114 605 2165 vegetior
634 2113 836 2162 exiverit,
865 2125 996 2164 quam

162 2170 402 2211 intraverit.

219 2225 451 2279 R.Virtute
462 2238 619 2277 magna
629 2224 875 2267 reddebant
883 2225 995 2276 Apo-

163 2281 265 2323 stoli
286 2284 309 2308 *
323 2282 642 2324 Testimonium
660 2280 995 2322 resurrectionis

162 2338 187 2378 J
189 2350 267 2379 esu
282 2338 445 2379 Christi
454 2338 633 2379 Domini
648 2338 798 2386 nostri,
813 2337 995 2388 alleluia,

163 2393 345 2446 alleluja.
374 2389 424 2440 V.
442 2394 619 2446 Repleti
640 2393 818 2446 quidem
832 2393 996 2445 Spiritu

163 2454 332 2499 sancto,
367 2449 662 2502 loquebantur
698 2462 797 2491 eum
833 2448 996 2490 fiducia

163 2504 345 2546 verbum
363 2506 459 2547 Dei.
486 2506 819 2547 Testimonium.

448 2582 451 2586 ·
468 2562 620 2603 Lectio
642 2564 693 2602 vi.

237 2615 293 2657 ed
325 2621 370 2658 et
405 2617 551 2669 ipsum
583 2617 674 2668 eius
707 2614 996 2666 Evangelium

253 2672 439 2714 multum
466 2673 601 2714 distat
630 2685 655 2713 a
681 2672 851 2713 ceteris.
888 2670 994 2711 Mat-

1051 256 1194 297 thaeus
1216 255 1342 306 quasi
1358 254 1413 295 de
1427 253 1603 295 homine
1619 253 1771 305 incipit
1787 255 1889 294 scri-

1052 312 1169 361 bere,
1188 311 1323 352 Liber
1339 310 1634 362 generationis
1649 310 1672 350 J
1676 323 1753 351 esu
1769 309 1889 351 Chri·

1056 368 1126 418 sti,
1155 368 1234 408 filii
1252 366 1414 416 David,
1441 366 1520 407 filii
1538 366 1779 407 Abraham:
1806 365 1890 406 Lu—

1056 437 1129 465 cas
1163 437 1188 464 a
1221 422 1473 464 sacerdotio
1501 422 1745 463 Zachariae:
1777 422 1890 462 Mar—

1054 493 1132 521 cus
1152 493 1177 521 a
1194 479 1431 532 prophetia
1444 478 1675 519 Malachiae
1691 483 1735 519 et
1750 479 1890 518 Isaiae.

1052 537 1225 577 Primus
1245 535 1379 577 habet
1398 535 1554 576 faciem
1570 534 1770 582 hominis,
1789 547 1889 586 pro-

1053 598 1152 645 pter
1167 592 1484 644 genealogiam3
1500 590 1720 632 secundus
1732 591 1890 632 faciem

1053 649 1188 698 vituli,
1203 654 1388 701 propter
1404 647 1716 697 sacerdotium3
1735 647 1890 688 tertius

1054 706 1212 747 faciem
1231 705 1390 754 leonis,
1418 710 1605 758 propter
1626 715 1785 745 vocem
1806 703 1889 744 cla-

1054 763 1214 804 mantis
1250 763 1293 802 in
1336 761 1530 810 deserto,
1575 761 1736 801 Parate
1774 759 1890 799 viam

1054 818 1247 868 Domini,
1274 819 1417 860 rectas
1438 817 1567 859 facite
1588 816 1767 857 semitas
1788 816 1890 867 ejus.

1053 875 1078 915 J
1082 877 1248 916 oannes
1274 888 1380 916 vero
1408 879 1560 916 noster
1593 873 1719 925 quasi
1744 871 1890 923 aquila

1055 931 1112 973 ad
1131 934 1322 984 superna
1341 932 1477 980 volat,
1507 935 1551 972 et
1570 929 1627 970 ad
1645 930 1791 981 ipsum
1811 928 1889 969 Pa-

1053 992 1166 1029 trem
1186 989 1397 1040 pervenit,
1418 988 1586 1029 dicens:
1605 987 1656 1026 In
1672 984 1888 1038 principio

1055 1049 1150 1085 erat
1161 1044 1373 1091 Verbum,
1389 1049 1433 1086 et
1447 1043 1646 1085 Verbum
1661 1046 1756 1083 erat
1771 1039 1890 1092 apud

1052 1100 1209 1149 Deum,
1229 1105 1274 1142 et
1292 1101 1414 1141 Deus
1436 1104 1529 1141 erat
1547 1098 1759 1140 Verbum.

1103 1158 1154 1208 R.
1182 1157 1262 1198 Isti
1282 1162 1383 1198 sunt
1403 1157 1514 1208 agni.
1534 1154 1616 1208 [22]

1273 1237 1322 1275 In
1341 1236 1413 1274 ΙΙΙ.
1434 1237 1658 1276 Noeturno.

1051 1296 1206 1337 Lectio
1231 1296 1371 1337 sancti
1393 1294 1622 1346 Evangelii
1645 1292 1888 1335 secundum

1336 1352 1609 1393 Matthaeum.

1156 1414 1308 1455 Lectio
1331 1414 1398 1454 vii.
1534 1414 1636 1465 Cap.
1656 1415 1726 1453 20.
1748 1427 1781 1453 c.

1050 1465 1127 1571 In
1154 1469 1230 1510 illo
1260 1471 1478 1522 tempore:
1505 1467 1708 1510 Accessit
1737 1465 1794 1507 ad
1819 1466 1887 1506 Je-

1121 1539 1218 1567 sum
1263 1530 1404 1567 mater
1449 1525 1640 1566 filiorum
1677 1521 1887 1564 Zebedaei

1051 1594 1151 1622 cum
1174 1582 1276 1622 filiis
1304 1582 1412 1631 suis,
1441 1581 1631 1622 adorans
1658 1584 1702 1620 et
1730 1583 1887 1632 petens

1051 1637 1220 1689 aliquid
1239 1638 1294 1679 ab
1315 1651 1380 1680 eo.
1408 1638 1465 1679 Et
1485 1636 1664 1688 reliqua.

1142 1715 1334 1756 Homilia
1364 1715 1505 1756 sancti
1532 1714 1793 1766 Hieronymi

1335 1771 1600 1823 Prestteri.

1134 1832 1217 1866 Lib.
1243 1832 1273 1865 3.
1300 1832 1445 1866 Comm.
1471 1833 1511 1867 in
1534 1832 1667 1867 Matth.
1690 1843 1719 1867 c.
1744 1834 1803 1866 20.

1056 1889 1164 1938 Ἓξ
1164 1885 1267 1935 nde
1301 1884 1556 1937 opinionem
1592 1882 1717 1932 regni
1752 1880 1886 1921 habet

1052 1970 1075 2006 Q
1091 1919 1175 1995 (Ἃ
1197 1946 1339 1983 mater
1364 1941 1555 1981 filiorum
1579 1937 1806 1986 Zebedaei,
1838 1940 1887 1976 ut

1102 1996 1120 2005 ³
1153 1999 1170 2016 s
1198 2011 1298 2039 cum
1317 1996 1534 2038 Dominus
1555 1994 1728 2036 dixerit:
1748 1993 1885 2033 Filius

1048 2054 1236 2095 heminis
1272 2053 1472 2095 tradetur
1508 2050 1783 2104 principibus
1820 2061 1885 2089 sa·
1964 2068 1974 2070 ἡ

1049 2110 1279 2152 cerdotum
1298 2115 1342 2151 et
1361 2108 1532 2157 scribis,
1557 2112 1601 2148 et
1620 2105 1884 2147 condemna-

1047 2167 1157 2208 bunt
1177 2180 1278 2208 eum
1296 2170 1455 2214 morte,
1475 2170 1519 2205 et
1538 2162 1715 2204 tradent
1736 2161 1883 2202 Genti-

1047 2222 1131 2264 bus
1163 2221 1221 2264 ad
1251 2220 1543 2269 illudendum,
1585 2223 1628 2259 et
1662 2217 1883 2267 flagellan-

1048 2278 1168 2328 dum,
1188 2284 1232 2320 et
1252 2275 1611 2327 crucifigendum3
1638 2278 1682 2315 et
1701 2274 1882 2324 ignomi-

1047 2335 1165 2376 niam
1182 2334 1402 2387 passionis
1422 2330 1677 2374 timentibus
1694 2329 1882 2381 discipu-

1047 2391 1100 2432 lis
1119 2391 1356 2439 nuntiaret,
1379 2389 1454 2430 illa
1477 2387 1663 2438 gloriam
1686 2385 1884 2438 postulet

1047 2444 1383 2500 triumphantis?
1436 2445 1551 2492 Hac,
1590 2447 1639 2484 ut
1671 2454 1789 2491 reor,
1828 2454 1883 2482 ex

1047 2516 1196 2552 causa,
1243 2503 1344 2554 quia
1386 2504 1491 2553 post
1527 2498 1672 2539 omnia
1710 2497 1883 2539 dixerat

1045 2559 1278 2600 Dominus:
1311 2557 1368 2598 Et
1399 2555 1530 2596 tertia
1561 2554 1634 2595 die
1666 2557 1882 2604 resurgam

1046 2615 1219 2667 putavit
1248 2626 1347 2655 eum
1374 2611 1532 2652 mulier
1559 2615 1664 2662 post
1688 2621 1880 2651 resurre-

1032 2668 1237 2712 ctionem
1255 2669 1373 2710 illico
1393 2669 1698 2718 regnaturum,
1727 2670 1772 2707 et
1794 2665 1880 2706 hoc
