2028 2892
793 195 990 229 Dominicu
1017 193 1063 226 ud
1092 192 1263 225 l’rimum.

182 358 328 410 ptione
348 353 624 396 humanitatis
643 352 684 392 in
704 351 856 391 Deum.

233 413 352 455 Unus
387 412 582 457 omnino,
623 420 710 448 non
747 405 996 447 confusione

183 467 445 514 substantiae,
465 467 487 491 *
507 464 585 506 sed
604 464 767 505 unitate
786 463 997 515 persenae.

232 525 343 565 Nam
381 523 492 564 sicut
529 521 669 562 Anima
701 517 923 559 rationalis
955 521 998 557 et

182 593 283 622 earo
309 592 418 621 unus
443 583 509 620 est
532 577 678 618 homo:
696 577 719 600 *
739 576 797 616 ita
816 575 935 614 Deus
956 578 998 613 et

182 637 311 678 homo
331 648 441 676 unus
460 640 526 676 est
547 633 752 674 Christus.

234 692 315 743 Qui
334 704 488 744 passus
508 696 574 731 est
588 701 668 741 pro
685 687 822 728 salute
836 690 998 727 nostra:

183 747 408 790 descendit
440 746 494 787 ad
526 745 702 786 inferos:
725 744 747 768 *
771 743 898 784 tertia
929 740 998 782 die

183 804 417 846 resurrexit
436 816 460 843 a
479 801 671 842 mortuis.

235 858 444 901 Ascendit
479 857 535 899 ad
575 856 731 905 coelos‚
780 854 903 897 sedet
944 853 999 895 ad

185 916 407 958 dexteram
426 914 507 955 Dei
522 913 662 954 Patris
678 911 999 964 omnipotentis:

184 974 206 998 *
226 971 324 1013 inde
344 974 550 1013 venturus
576 975 641 1010 est
664 968 852 1020 judicare
877 968 1000 1008 vivos

185 1034 228 1070 et
246 1030 453 1069 mortuos.

236 1083 306 1126 Ad
334 1084 452 1135 cujus
485 1081 717 1123 adventum
749 1093 899 1122 omnes
926 1079 1000 1120 ho-

185 1141 321 1182 mines
346 1142 570 1190 resurgere
597 1137 757 1178 habent
785 1149 882 1177 cum
910 1148 1001 1176 cor-

186 1196 364 1250 poribus
384 1196 486 1236 suis:
501 1196 523 1219 *
540 1199 582 1235 et
601 1192 810 1235 reddituri
830 1197 928 1233 sunt
947 1190 1001 1233 de

186 1253 309 1294 factis
329 1251 515 1305 prepriis
534 1250 756 1291 rationem.

236 1309 292 1350 Et
325 1308 396 1361 qui
428 1307 542 1349 bona
574 1308 769 1356 egerunt,
805 1305 928 1346 ibunt
960 1305 1002 1345 in

186 1365 317 1406 vitam
345 1366 568 1406 aeternam:
595 1363 618 1387 *
648 1362 720 1414 qui
748 1374 851 1403 vero
879 1361 1002 1410 mala,

186 1421 227 1461 in
247 1421 388 1471 ignem
408 1421 628 1461 aeternum.

236 1478 345 1518 Haec
364 1482 430 1517 est
456 1474 563 1516 fides
584 1474 810 1523 catholica,
830 1475 853 1499 *
874 1486 1003 1526 quam

185 1534 265 1574 nisi
299 1533 479 1585 quisque
516 1529 700 1572 fideliter
736 1530 1002 1583 firmiterque

186 1588 428 1636 crediderit,
448 1587 592 1628 salvus
612 1599 708 1628 esse
726 1599 812 1628 non
831 1586 1003 1639 poterit.

239 1644 389 1686 Gloria
406 1643 534 1684 Patri.

241 1712 281 1745 In
298 1712 506 1746 Dominicis
521 1712 719 1755 Quadrag„
738 1713 822 1746 Ant.
836 1712 1003 1756 propria.

240 1773 390 1825 Temp.
426 1773 630 1814 l'aschali.
677 1774 772 1813 Ant.
814 1772 1005 1824 Alleluia,

189 1830 372 1881 alleluja,
390 1829 572 1880 alleluja,
592 1828 771 1880 alleluja.

269 1901 522 1953 Capitulum.
666 1904 694 1942 1.
714 1903 822 1942 Tim.
843 1904 870 1942 1.
891 1902 928 1943 d.

190 1967 346 2074 Regi
363 1972 619 2014 saeculOrum
634 1971 865 2012 immortali
886 1976 928 2012 et
947 1971 1006 2011 in-

298 2028 463 2078 visibili,
484 2028 565 2070 soli
584 2029 680 2069 Deo
699 2028 838 2069 honor
857 2033 900 2068 et
918 2027 1006 2078 glo-

192 2085 255 2125 ria
272 2085 314 2125 in
334 2084 494 2126 saecula
514 2084 782 2125 saeculorum.
810 2084 960 2125 Amen.

246 2138 293 2189 R:
319 2141 415 2182 Deo
434 2141 607 2191 gratias.

247 2203 293 2253 R.
314 2202 374 2242 br.
397 2204 566 2246 Christe
585 2203 666 2245 Fili
684 2204 766 2245 Dei
785 2204 880 2252 vivi,
894 2207 915 2228 ¹·
932 2204 1008 2244 Mi-

195 2262 338 2302 serere
357 2260 493 2302 nobis.
524 2258 575 2298 Et
596 2260 817 2309 repetitur:
840 2259 1008 2301 Christe

197 2316 276 2357 Fili
287 2317 369 2357 Dei
378 2317 473 2365 vivi,
487 2317 692 2358 miserere
707 2315 844 2357 nobis.
862 2310 910 2361 Y.
927 2316 1009 2366 Qui

197 2371 323 2413 sedes
348 2371 402 2413 ad
426 2372 649 2414 dexteram
673 2372 824 2413 Patris.
862 2371 909 2422 Ra
935 2372 1010 2412 Mi-

198 2429 341 2468 serere
373 2428 508 2469 nobis.
550 2422 597 2472 V.
626 2428 775 2469 Glutia
801 2427 935 2476 Patri,
968 2433 1011 2469 et

198 2483 318 2531 Filio,
338 2490 380 2524 et
394 2484 567 2536 Spiritui
587 2490 748 2525 sancto,
776 2483 822 2534 Rv.
843 2483 1011 2524 Christe

199 2538 277 2579 Fili
297 2539 377 2580 Dei
398 2540 493 2587 vivi,
511 2541 715 2581 miserere
735 2539 871 2581 nobis.

251 2589 297 2639 Υ.
316 2595 511 2645 Exsurge
535 2595 718 2644 Christe,
744 2595 897 2647 adjuva
921 2608 1012 2636 nos.

202 2650 247 2700 Rg.
279 2650 334 2691 Et
366 2650 500 2692 libera
533 2664 612 2692 nos
643 2658 823 2704 propter
855 2664 1012 2692 nomen

199 2712 330 2749 tuum.

1259 287 1448 330 Tempore
1467 284 1657 319 I‘uschali.

1102 353 1150 403 Rg.
1176 350 1237 390 br.
1265 348 1434 390 Christe
1456 346 1538 387 Fili
1560 345 1644 387 Dei
1667 344 1770 394 vivi,
1797 343 1873 384 mi-

1049 409 1193 448 serere
1224 405 1365 455 nobis,
1402 407 1424 429 *
1458 402 1659 453 Alleluia,
1692 400 1874 453 alleluja.

1052 465 1203 516 Repet.
1222 462 1392 504 Christe
1412 460 1493 501 Fili
1512 459 1596 501 Dei
1619 458 1722 507 vivi,
1748 457 1873 499 mise-

1050 522 1145 561 rere
1191 518 1328 560 nobis.
1376 520 1397 541 ¹*
1446 516 1647 568 Alleluia⁷
1694 513 1874 566 alleluia.

1054 572 1100 622 δ”.
1118 576 1200 626 Qui
1220 574 1445 616 surrexisti
1465 586 1490 614 a
1508 572 1703 614 mortuis.
1732 570 1783 623 Rz.
1800 569 1873 611 Al-

1049 633 1192 685 leluia,
1217 632 1397 683 alleluja.
1429 625 1477 676 S.
1494 629 1646 671 Gloria
1668 627 1806 677 Patri,
1831 630 1876 668 et

1052 690 1171 739 Fssio,
1192 694 1235 730 et
1249 687 1428 741 Spiritui
1448 691 1611 728 sancto.
1640 683 1690 736 Rz.
1703 683 1876 726 Christe

1050 746 1129 787 Fili
1148 746 1231 788 Dei
1255 745 1356 794 vivi,
1379 745 1586 785 miserere
1604 741 1749 791 nobis,
1776 739 1875 782 alle-

1050 804 1148 855 luja,
1170 802 1351 854 alleluja.

1104 863 1151 914 Y.
1175 869 1374 918 Exsurge
1400 865 1571 908 Christe
1598 864 1755 917 adjuva
1783 875 1876 913 nos,

1052 925 1231 976 alleluja.
1263 924 1312 976 R.
1339 923 1395 964 Et
1422 922 1558 963 libera
1587 934 1669 963 nos
1693 924 1877 974 propter

1052 995 1208 1023 nomen
1229 986 1366 1030 tuum,
1386 980 1566 1031 alleluja.

1105 1054 1314 1097 Sequente-S
1348 1052 1484 1086 Preces
1515 1061 1591 1085 non
1627 1051 1807 1086 dicuntur
1838 1051 1877 1086 in

1054 1103 1164 1146 Dupl.
1196 1113 1264 1135 nec
1297 1101 1393 1134 infru
1425 1100 1520 1142 Oct.;
1551 1099 1621 1134 Sed
1650 1104 1741 1134 tunc
1774 1099 1878 1135 dicto

1055 1151 1095 1194 R„
1120 1152 1173 1185 br.
1205 1150 1343 1184 dicitur
1375 1149 1560 1185 Dominus
1591 1148 1805 1184 vobiscum.
1842 1152 1879 1182 et

1054 1199 1184 1233 oratio
1223 1198 1384 1234 D6mine
1412 1198 1518 1233 Deus
1550 1197 1805 1241 omnipotens.
1838 1199 1880 1231 ut

1055 1247 1162 1281 infru.
1184 1247 1236 1282 25.

1152 1317 1243 1369 yrie
1275 1316 1450 1358 eleison.
1497 1315 1670 1357 Christe
1703 1314 1879 1356 eleison.

1188 1374 1314 1426 Kyrie
1334 1373 1507 1415 eleison.

1114 1433 1235 1476 Pater
1261 1439 1419 1492 noster.
1455 1438 1625 1474 secreto
1658 1443 1798 1484 usque
1825 1428 1882 1471 ad

1058 1487 1106 1539 V·
1134 1496 1189 1537 Et
1216 1509 1270 1537 ne
1297 1508 1376 1537 nos
1404 1494 1586 1537 inducas
1609 1494 1654 1535 in
1676 1491 1879 1535 tentatio-

1054 1565 1164 1593 nem.
1193 1550 1242 1602 R.
1261 1551 1347 1594 Sed
1365 1551 1502 1593 libera
1520 1563 1602 1592 nos
1622 1563 1648 1592 a
1665 1549 1794 1591 malo.

1103 1613 1248 1655 Credo
1277 1614 1321 1653 in
1347 1613 1500 1654 Deum.
1539 1615 1709 1653 secreto
1742 1621 1883 1662 usque

1060 1669 1114 1710 ad
1126 1665 1176 1717 V.
1186 1670 1336 1711 Carnis
1352 1668 1726 1711 resurrectionem.
1749 1665 1880 1719 thi-

1057 1731 1146 1767 tam
1166 1728 1383 1767 aeternam.
1412 1727 1564 1767 Amen.

1114 1782 1162 1834 Y.
1175 1787 1231 1828 Et
1251 1799 1332 1838 ego
1353 1786 1410 1828 ad
1423 1792 1467 1828 te
1482 1786 1670 1828 Dumine
1685 1783 1880 1826 clamfivi.

1064 1844 1170 1896 R·.Et
1178 1856 1305 1885 mane
1317 1843 1457 1885 oratio
1467 1856 1566 1885 mea
1574 1841 1817 1896 praeveniet
1825 1844 1881 1882 te.

1114 1898 1162 1949 Y·
1198 1904 1437 1957 Repleatur
1473 1917 1524 1945 os
1559 1916 1705 1945 meum
1740 1899 1882 1943 laude.

1066 1960 1111 2011 Rv-
1134 1960 1193 2002 Ut
1220 1965 1390 2002 cantem
1417 1960 1601 2011 gloriam
1623 1965 1760 2009 tuam,
1787 1962 1882 2000 tota

1059 2016 1128 2058 die
1147 2016 1487 2068 magnitudinem
1505 2022 1636 2058 tuam.

1115 2073 1163 2124 ,Vp
1190 2077 1377 2119 Domine
1404 2079 1553 2119 averte
1581 2077 1739 2119 faciem
1761 2080 1883 2117 tuam

1059 2146 1084 2174 a
1107 2134 1299 2186 peccatis
1323 2134 1441 2176 meis.
1485 2135 1535 2186 R.
1552 2134 1607 2175 Et
1632 2145 1784 2175 omnes
1807 2131 1883 2173 ini-

1061 2190 1248 2242 quitates
1267 2203 1388 2232 meas
1407 2189 1515 2232 dele.

1117 2246 1164 2296 δ”.
1180 2251 1266 2292 Cor
1281 2250 1490 2292 mundum
1505 2263 1606 2292 crea
1617 2251 1661 2291 in
1670 2262 1741 2292 me
1750 2250 1884 2291 Deus.

1067 2306 1113 2356 Rg.
1141 2307 1197 2348 Et
1229 2307 1428 2359 spiritum
1459 2312 1628 2349 rectum
1654 2309 1815 2348 innova
1839 2305 1884 2346 in

1061 2362 1298 2404 visceribus
1318 2364 1437 2405 meis.

1118 2418 1166 2469 V.
1187 2423 1255 2464 Ne
1283 2424 1485 2476 projicias
1512 2436 1582 2465 me
1611 2437 1637 2465 a
1663 2423 1774 2465 facie
1798 2426 1884 2464 tua.

1069 2480 1114 2530 Rg.
1137 2480 1194 2520 Et
1221 2479 1427 2531 Spiritum
1456 2485 1655 2522 sanetum
1682 2485 1806 2522 tuum
1829 2491 1885 2520 ne

1062 2535 1231 2576 auferas
1250 2548 1275 2576 a
1294 2547 1373 2577 me.

1119 2589 1166 2639 Y-
1182 2595 1336 2637 Redde
1353 2596 1456 2637 mihi
1471 2597 1667 2639 laetitiam
1683 2596 1886 2638 salutdris

1063 2651 1135 2692 tui.
1184 2651 1231 2702 Ru
1261 2652 1317 2693 Et
1349 2653 1503 2705 spiritu
1530 2653 1759 2706 principali
1787 2666 1887 2695 con-

1064 2707 1189 2748 firma
1205 2721 1285 2749 me.
