2028 2892
463 166 533 200 Die
560 166 608 199 12.
626 165 761 200 Martii.
791 166 825 200 S.
849 166 1025 209 Gregorii
1047 165 1164 209 Papae
1187 166 1294 200 Conf.
1317 172 1352 199 ct
1372 165 1479 199 Doct,

135 261 191 304 ba
216 265 416 315 puerum,
447 260 485 302 si
508 261 703 311 vixisset,
736 259 792 301 ad
815 259 950 301 idolo-

134 331 231 360 rum
258 318 420 360 cultum
451 317 650 358 revocari
675 329 822 369 posse;
853 316 949 368 ipso

136 375 179 415 in
202 374 405 416 humeros
428 373 618 422 sublato,
643 378 791 414 sancta
814 377 952 414 mater

135 430 333 473 vehicula
391 430 632 482 Martyrum
695 428 951 482 corporibus
1009 462 1010 485 3
1032 425 1130 483 'iffi

137 490 291 529 onusta
318 489 491 528 strenue
518 486 882 538 prosequebatur:
909 485 952 525 in
1009 491 1010 494 ’
1039 497 1042 503 ⁴
1064 481 1129 503 *Αἵ

137 544 255 595 cujus
282 543 485 595 amplexu
511 542 720 584 Melithon
754 542 951 594 spiritum

135 600 232 641 Deo
262 598 469 649 reddidit,
506 600 683 651 ejusque
719 611 879 650 corpus
909 598 952 638 in

137 655 338 698 eumdem
367 655 487 696 illum
520 657 764 697 ceterorum
793 655 951 706 Marty-

135 726 231 754 rum
262 725 417 764 rogum
447 713 519 765 pia
550 716 688 753 mater
719 711 875 763 injecit:
906 716 954 753 ut

137 769 211 821 qui
237 768 324 810 fide
355 773 398 810 et
424 769 585 810 virtute
617 768 954 820 conjunctissimi

135 825 320 876 fuerant,
364 825 526 866 saneris
571 825 702 866 etiam
745 825 953 866 societate

137 881 346 934 copulati,
381 894 467 923 una
497 882 540 922 in
572 881 731 922 coelum
758 883 952 934 perveni-

136 942 243 979 rent.
285 937 534 979 Combustis
560 937 660 986 illis,
688 939 839 979 eerum
860 937 953 979 reli-

138 994 251 1046 quiae
264 994 471 1046 projectae
485 995 529 1035 in
543 994 841 1046 profluentem,
856 1006 953 1035 cum

137 1050 388 1092 mirabiliter
414 1050 457 1091 in
483 1063 616 1092 unum
643 1050 954 1092 confluxissent

136 1106 297 1156 locum,
325 1106 458 1148 salvae
486 1112 529 1148 et
551 1109 731 1157 integrae
757 1108 953 1159 repertae,

135 1162 374 1204 honorifico
394 1162 626 1216 sepulchro
641 1162 828 1204 cenditae
844 1168 953 1205 sunt.

184 1222 235 1274 R.
262 1219 505 1271 Tamquam
532 1232 694 1261 aurum.
719 1219 801 1271 [58]

184 1291 228 1325 In
249 1290 314 1325 ΠΙ.
335 1290 533 1324 Nocturno
556 1290 725 1324 Homilia
748 1290 786 1323 in
807 1290 951 1333 Evang.

135 1337 382 1373 Descendens
410 1337 535 1372 Jesus.
565 1337 613 1372 de
645 1337 781 1372 eodem
808 1337 951 1372 Comm.

131 1387 162 1421 2.
187 1386 285 1420 loco.
311 1384 379 1428 [64]

184 1439 316 1475 Lectio
346 1439 395 1473 ix.
426 1438 473 1473 de
497 1436 667 1472 Homilia
698 1442 734 1472 et
758 1447 951 1472 commem.

134 1489 258 1524 Feriae
281 1487 320 1522 in
343 1486 462 1522 Laud.

380 1566 464 1607 Die
482 1567 540 1608 12.
558 1566 713 1608 Martii.

172 1634 215 1675 S.
240 1634 465 1685 Gregorii
493 1635 623 1686 Papae
649 1634 918 1675 Confessoris

379 1696 422 1732 et
448 1690 563 1732 Eccl.
585 1691 710 1731 Doct.

463 1755 626 1798 Duplex.

188 1813 324 1849 Omnia
347 1814 394 1848 de
412 1813 613 1849 Communi
630 1813 737 1848 Conf.
755 1812 861 1846 Pont.
886 1809 955 1853 [66]

136 1867 276 1907 praeter
299 1872 403 1906 sequ.

188 1919 231 1953 In
254 1919 426 1962 utrisque
451 1918 566 1961 Vesp.
592 1917 641 1951 ad
663 1916 818 1959 Magnis.

191 1965 287 2005 Ant.
310 1964 346 2005 Ο
366 1965 535 2006 Doctor
555 1965 730 2017 Optime,
747 1964 956 2006 Ecclesiae

141 2024 303 2061 sanctae
327 2020 489 2071 lumen,
517 2020 646 2063 beate
667 2021 868 2072 Gregori,
897 2020 956 2062 di-

140 2078 251 2117 vinae
275 2075 383 2127 legis
406 2078 592 2128 amator,
618 2077 856 2130 deprecare
874 2090 955 2130 pro

139 2131 264 2173 nobis
283 2132 439 2174 Filium
456 2134 549 2175 Dei.

470 2195 632 2236 Oratio.

139 2245 320 2351 Deus,
341 2249 413 2302 qui
432 2250 586 2291 animae
605 2251 754 2292 famuli
771 2251 835 2293 tui
853 2251 957 2293 Gre-

233 2305 344 2356 gorii
362 2307 536 2347 aeternae
554 2306 832 2349 beatitudinis
847 2309 956 2360 prae-

140 2361 227 2403 mia
251 2361 486 2403 contulisti:
514 2362 704 2404 concede
727 2364 957 2416 propitius3

141 2422 189 2459 ut
210 2418 282 2470 qui
296 2420 577 2471 peccatorum
591 2421 839 2461 nostrerum
852 2422 957 2472 pon-

144 2473 246 2515 dere
264 2475 514 2527 premimur,
544 2476 633 2527 ejus
660 2475 778 2528 apud
801 2480 844 2517 te
863 2478 957 2528 pre-

144 2528 265 2571 cibus
291 2530 576 2572 sublevemur.
612 2532 696 2573 Per
714 2532 958 2572 Deminum.

194 2591 241 2625 Et
263 2592 303 2625 fit
327 2602 518 2625 commem.
546 2591 677 2625 Feriae.

194 2641 235 2675 In
253 2641 280 2676 1.
295 2642 491 2677 Nocturno
515 2643 615 2677 Lect.
642 2642 886 2687 Sapientiam.
909 2642 955 2676 de

143 2689 343 2724 Communi
363 2691 471 2725 Doet.
497 2690 568 2733 [79]

1225 263 1274 301 Ι11
1301 262 1351 301 ΙΙ.
1379 262 1598 300 Nocturno.

1314 318 1464 358 Lectio
1484 318 1535 357 iv.

1040 371 1823 469 rffssffalgnffassssssssbrffnffiiffi'

1815 458 1823 476 9

1158 484 1413 525 adolescens
1426 483 1716 536 philosophiae
1731 485 1825 536 epe-

1005 553 1098 581 ram
1118 540 1253 590 dedit;
1278 544 1320 581 et
1339 540 1548 592 praeterio
1570 539 1713 580 officio
1733 539 1824 580 fun-

1006 602 1119 647 ctus,
1143 602 1269 650 patre
1294 598 1484 647 mortuo,
1511 609 1588 637 sex
1611 597 1823 637 monaste-

1006 653 1069 694 ria
1087 654 1130 694 in
1150 652 1293 695 Sicilia
1313 652 1559 702 aedificavit,
1587 653 1741 693 Romae
1762 654 1824 693 se-

1005 710 1188 762 ptimum
1212 709 1350 751 sancti
1372 708 1562 751 Andreae
1586 709 1758 750 nemine
1781 709 1825 749 in

1006 767 1095 807 suis
1115 766 1297 815 aedibus,
1322 779 1462 819 prope
1489 765 1711 807 basilicam
1731 777 1823 805 san-

1007 825 1174 864 ctorum
1192 823 1216 863 J
1219 823 1370 864 oannis
1390 827 1433 864 et
1451 822 1575 863 Pauli
1594 821 1650 862 ad
1669 821 1825 863 clivum

1006 879 1170 930 Scauri,
1198 879 1273 920 ubi
1291 879 1516 920 Hilarione
1536 891 1586 919 ac
1604 878 1824 919 Maximia-

1006 949 1063 977 no
1087 936 1321 986 magistris,
1346 935 1547 977 menachi
1572 935 1705 975 vitam
1728 946 1824 987 pro-

1007 993 1156 1042 fessus,
1175 994 1331 1044 postea
1351 991 1486 1033 abbas
1500 991 1591 1032 fuit.
1617 991 1721 1031 Mox
1739 990 1824 1032 dia-

1009 1061 1143 1091 conus
1163 1048 1394 1090 cardinalis
1414 1050 1599 1097 creatus,
1619 1047 1825 1089 Constan-

1006 1105 1236 1157 tin6polim
1268 1117 1293 1145 a
1323 1104 1501 1155 Pelagio
1526 1103 1737 1144 Pontifice
1770 1103 1826 1144 ad

1005 1161 1229 1202 Tiberium
1247 1161 1577 1202 Constantinum
1594 1160 1825 1212 imperate-

1006 1230 1098 1259 rem
1124 1218 1294 1268 legatus
1319 1217 1519 1258 mittitur:
1550 1216 1666 1269 apud
1696 1228 1824 1267 quem

1005 1274 1287 1315 memorabile
1338 1274 1467 1315 etiam
1514 1273 1622 1314 illud
1670 1271 1825 1322 effecit,

1008 1330 1127 1382 quod
1146 1330 1406 1382 Eutychium
1424 1329 1731 1382 patriarcham,
1753 1329 1826 1380 qui

1007 1389 1240 1439 scripserat
1260 1391 1412 1428 contra
1432 1398 1578 1427 veram
1602 1398 1653 1426 ac
1671 1387 1824 1426 tracta-

1006 1442 1138 1484 bilem
1175 1445 1409 1495 c6rporum
1444 1441 1824 1489 resurrectionem,

1006 1499 1068 1540 ita
1094 1499 1297 1549 convicit,
1324 1503 1371 1540 ut
1400 1499 1489 1550 ejus
1511 1497 1670 1539 librum
1693 1497 1824 1549 impe-

1006 1558 1126 1597 rator
1144 1556 1188 1596 in
1204 1555 1347 1606 ignem
1361 1555 1563 1606 injiceret.
1585 1555 1728 1604 Quare
1742 1553 1823 1594 Eu-

1006 1611 1176 1664 tychius
1207 1611 1338 1664 paulo
1370 1615 1473 1664 post
1510 1623 1608 1651 cum
1639 1610 1682 1650 in
1713 1621 1824 1650 mor-

1006 1667 1111 1709 bum
1153 1667 1395 1718 incidisset,
1443 1667 1630 1709 instante
1674 1670 1825 1715 morte,

1007 1724 1166 1776 pellem
1184 1737 1338 1766 manus
1357 1737 1447 1765 suae
1464 1722 1655 1773 tenebat,
1677 1722 1825 1764 multis

1007 1781 1309 1834 praesentibus,
1319 1780 1482 1822 dicens:
1493 1780 1715 1822 Confiteor
1726 1779 1827 1831 quia

1008 1850 1158 1879 omnes
1177 1838 1221 1878 in
1241 1837 1322 1879 hac
1342 1850 1471 1879 carne
1490 1838 1776 1888 resurgemus.

1059 1895 1110 1946 R.
1135 1894 1285 1936 Inveni
1308 1893 1451 1935 David
1476 1906 1648 1935 servum
1672 1905 1825 1942 meum,

1008 1949 1106 1992 eleo
1157 1955 1307 1992 sancto
1350 1963 1449 1992 meo
1497 1950 1601 1991 unxi
1645 1962 1757 1991 eum:
1801 1953 1822 1975 *

1007 2006 1161 2048 Manus
1193 2007 1306 2048 enim
1336 2020 1434 2048 mea
1471 2005 1745 2048 auxiliabitur
1777 2005 1825 2046 ei.

1008 2062 1058 2111 V.
1085 2062 1204 2104 Nihil
1233 2063 1434 2116 proficiet
1462 2063 1657 2104 inimicus
1687 2061 1730 2102 in
1762 2073 1824 2111 eo,

1009 2124 1052 2161 et
1076 2118 1190 2160 filius
1213 2119 1451 2172 iniquitatis
1470 2131 1556 2160 non
1578 2117 1751 2159 nocebit
1775 2116 1825 2157 ei.

1008 2175 1161 2216 Manus
1185 2175 1308 2217 enim.

1310 2229 1459 2270 Lectio
1480 2244 1515 2269 v.

1092 2301 1236 2330 omam
1266 2287 1454 2336 rediens,
1485 2285 1661 2336 Pelagio
1693 2284 1823 2337 pesti-

1103 2344 1236 2386 lentia
1252 2344 1436 2392 sublato,
1452 2353 1620 2383 summo
1634 2341 1825 2382 emnium

1009 2402 1223 2442 consensu
1249 2399 1449 2441 Pontifex
1477 2397 1661 2448 eligitur:
1696 2408 1825 2449 quem

1007 2456 1218 2498 honorem
1252 2469 1307 2497 ne
1342 2457 1575 2507 acciperet,
1617 2451 1823 2505 quamdiu

1008 2513 1161 2564 potuit,
1188 2511 1414 2554 recusavit.
1449 2509 1563 2550 Nam
1589 2509 1728 2550 alieno
1753 2521 1822 2550 ve-

1006 2570 1113 2610 stitu
1137 2569 1180 2609 in
1207 2567 1415 2620 spelunca
1438 2565 1622 2607 delituit:
1653 2564 1728 2606 ubi
1753 2565 1823 2607 de·

1006 2624 1246 2676 prehensus
1265 2621 1424 2663 indicio
1442 2623 1579 2672 igneae
1599 2621 1823 2678 columnae,

1007 2679 1064 2721 ad
1098 2684 1294 2721 sanctum
1324 2678 1500 2719 Petrum
1534 2679 1822 2719 consecratur.
