2028 2892
169 211 239 247 238

225 305 483 348 Voluntarie
508 303 768 345 sacrificabo
793 302 890 352 tibi,
909 302 932 328 *
958 306 1000 342 et

172 361 416 404 confitebor
466 360 631 401 nomini
676 364 753 401 tuo
795 358 999 399 Domine:

172 418 378 470 quoniam
396 417 561 458 bonum
581 421 663 457 est:

222 474 439 524 QuOniam
478 485 532 514 ex
565 471 683 513 omni
715 469 999 512 tribulatione

170 530 370 582 eripuisti
400 542 487 570 me:
511 530 535 555 *
561 533 604 570 et
636 540 768 579 super
799 526 999 566 inimicos

170 599 292 627 meos
313 585 516 638 despexit
536 583 689 625 oculus
708 595 843 623 meus.

227 652 259 690 Α
268 657 324 691 nt.
347 651 489 691 Alieni
506 650 836 690 insurrexerunt
856 647 899 687 in
918 658 999 694 me,

171 712 214 749 et
225 708 362 748 fortes
375 707 641 758 quaesierunt
650 705 839 746 animam
846 714 999 743 meam.

227 763 274 811 V-
313 768 651 808 Insurrexerunt
685 765 727 805 in
762 776 832 805 me
859 767 998 804 testes

169 824 315 876 iniqui.
353 824 401 874 R.
426 824 483 864 Et
505 823 688 863 mentita
707 825 773 862 est
792 819 1000 870 iniquitas

170 880 262 921 sibi.

226 938 352 982 Pater
370 944 531 981 noster.
554 946 736 981 secreto.

171 1017 237 1059 Ex
255 1018 467 1059 Tractatu
486 1015 627 1057 sancti
646 1013 881 1065 Augustini
898 1013 999 1065 Epi-

330 1073 456 1125 scopi
476 1084 609 1124 super
626 1070 838 1112 Psalmos.

288 1137 328 1169 In
354 1137 549 1170 Psa1mum
573 1138 624 1170 653.
651 1138 700 1170 ad
728 1148 824 1171 vch.
847 1138 877 1170 2.

473 1193 623 1234 Lectio
645 1194 695 1232 iv.

506 1264 576 1293 me
595 1251 716 1292 Deus
736 1263 761 1291 a
781 1251 1000 1291 conventu

181 1306 183 1339 ἶ
216 1310 234 1355 ,ξ’
306 1308 647 1359 malignantium,
676 1320 701 1347 a
720 1304 1000 1347 multitudine

180 1366 182 1369 ”
207 1357 271 1391 3⁵³³
306 1364 582 1417 operantium
598 1363 884 1413 iniquitatem.
903 1361 1000 1401 Jam

171 1422 315 1473 ipsum
348 1424 481 1472 caput
512 1423 711 1460 nostrum
741 1418 1000 1458 intueamur.

171 1476 295 1518 Multi
331 1476 548 1527 Martyres
587 1474 693 1515 talia
732 1473 851 1525 passi
888 1476 1000 1520 sunt,

171 1531 250 1574 sed
274 1531 380 1572 nihil
405 1532 468 1572 sic
493 1530 652 1579 elucet,
683 1527 909 1580 quomodo
933 1540 1001 1568 ca-

171 1594 251 1640 put
260 1588 519 1638 Martyrum:
533 1586 594 1627 ibi
606 1584 761 1625 melius
771 1585 1001 1632 intuemur,

174 1643 294 1695 quod
321 1642 383 1683 illi
412 1642 584 1693 experti
614 1645 725 1681 sunt.
769 1640 1001 1680 Protectus

174 1704 242 1740 cst
277 1711 302 1739 a
343 1697 621 1738 multitudine
657 1695 1002 1745 malignantium,

174 1755 435 1806 protegente
481 1764 528 1792 se
572 1751 689 1800 Deo,
742 1751 1002 1802 protegente

175 1822 351 1850 carnem
375 1820 499 1849 suam
522 1807 620 1858 ipso
639 1806 768 1855 Filio,
797 1811 840 1847 et
865 1805 1002 1846 homi-

174 1878 247 1914 ne,
276 1877 407 1917 quem
431 1862 627 1914 gerebat:
656 1861 758 1912 quia
786 1861 902 1901 filius
927 1860 1002 1902 ho-

175 1921 303 1961 minis
323 1925 405 1969 est,
432 1924 475 1960 et
493 1918 629 1958 Filius
647 1917 733 1958 Dei
754 1921 830 1957 est.
867 1916 1003 1956 Filius

174 1976 277 2026 Dei,
312 1979 496 2028 propter
532 1974 717 2014 formam
754 1972 851 2013 Dei:
888 1971 1004 2013 filius

174 2031 380 2080 hominis,
422 2034 605 2082 propter
648 2028 833 2069 formam
874 2028 1004 2077 servi,

174 2087 341 2129 habens
378 2086 421 2127 in
459 2086 679 2138 potestate
716 2085 883 2136 ponere
915 2084 1001 2124 ani-

175 2156 292 2185 mam
311 2155 449 2191 suam,
470 2146 513 2182 et
531 2142 727 2191 recipere
748 2152 854 2180 eam.
889 2138 1004 2189 Quid

175 2199 214 2240 ei
239 2199 477 2251 potuerunt
502 2197 646 2238 facere
670 2194 854 2235 inimici?
882 2195 1004 2236 Occi-

176 2254 334 2296 derunt
359 2265 536 2305 corpus,
566 2252 757 2292 animam
779 2263 868 2291 non
893 2251 1004 2291 occi-

175 2309 343 2352 derunt.
402 2306 633 2350 Intendite.
691 2307 854 2348 Parum
898 2319 1003 2357 ergo

177 2370 285 2414 erat,
316 2365 554 2407 Dominum
588 2362 757 2404 hortari
788 2362 1004 2413 Martyres

176 2421 325 2469 verbo,
344 2421 426 2462 nisi
444 2421 640 2461 firmaret
659 2417 875 2469 exemplo.

226 2479 277 2529 R.
317 2477 563 2528 Tamquam
594 2474 652 2515 ad
685 2474 902 2514 latronem
934 2485 1004 2514 ex-

176 2532 272 2573 istis
299 2545 398 2573 cum
422 2531 581 2582 gladiis
607 2535 650 2571 et
672 2528 862 2570 fustibus
888 2541 1003 2569 com-

175 2587 448 2639 prehendere
482 2599 566 2628 me:
592 2589 615 2613 *
647 2583 853 2635 Quotidie
886 2583 1004 2635 apud

176 2655 255 2683 vos
275 2655 394 2683 eram
413 2643 457 2682 in
475 2642 642 2694 templo
663 2640 838 2687 docens,
858 2644 901 2680 et
916 2651 1004 2679 non

175 2710 246 2739 me
277 2699 493 2739 tenuistis:
525 2703 568 2739 et
601 2709 704 2739 ecce
737 2694 1004 2746 flagellatum

780 212 889 245 Fcria
915 211 962 244 vi.
991 210 1025 243 in
1052 210 1278 244 l'arascevc.

1053 300 1212 341 ducitis
1233 299 1289 341 ad
1309 300 1663 351 crucifigendum.
1689 298 1882 350 92011111-

1054 369 1139 408 que
1158 356 1407 406 injecissent
1425 369 1579 398 manus
1598 357 1642 397 in
1658 357 1683 397 J
1685 369 1817 406 esum,
1838 362 1883 399 et

1053 414 1295 453 tenuissent
1314 424 1425 461 eum,
1446 412 1556 453 dixit
1575 412 1632 454 ad
1652 425 1739 454 eos.
1767 414 1882 464 Quo-

1051 467 1170 509 tidie.

1365 551 1518 592 Lectio
1541 565 1576 590 v.

1055 620 1256 726 Nostis
1282 623 1357 675 qui
1380 625 1623 665 conventus
1647 629 1741 666 erat
1763 623 1882 664 mali-

1160 680 1386 730 gnantium
1411 679 1681 730 Judaeorum‚
1709 685 1754 722 et
1783 692 1883 732 quae

1052 735 1290 776 multitudo
1316 741 1411 777 erat
1430 736 1710 788 operantium
1727 736 1882 788 iniqui-

1052 793 1200 832 tatem.
1249 792 1391 842 Quam
1422 790 1721 843 iniquitatem?
1771 792 1884 842 Quia

1051 847 1286 888 voluerunt
1318 846 1522 888 occidere
1550 847 1788 888 Dominum
1815 847 1882 889 Je-

1052 916 1149 944 sum
1169 903 1401 945 Christum.
1434 903 1577 945 Tanta
1601 905 1738 956 opera
1755 903 1883 953 bona,

1051 959 1202 1011 inquit,
1217 959 1390 1000 ostendi
1404 958 1546 1000 vobis:
1564 964 1748 1012 propter
1762 959 1884 1012 quod

1051 1015 1210 1056 horum
1233 1028 1303 1056 me
1323 1014 1454 1056 vultis
1479 1014 1705 1056 occidere?
1731 1015 1883 1057 Pertu-

1051 1071 1102 1111 lit
1122 1083 1275 1112 omnes
1299 1071 1500 1112 infirmos
1520 1073 1688 1121 eorum,
1713 1071 1884 1113 curavit

1053 1139 1205 1168 omnes
1225 1126 1457 1178 languidos
1477 1129 1646 1178 eorum,
1669 1126 1883 1180 praedica·

1052 1183 1115 1224 vit
1142 1195 1325 1233 regnum
1353 1183 1586 1234 coelorum,
1622 1195 1712 1224 non
1744 1183 1884 1225 tacuit

1051 1239 1157 1280 vitia
1177 1241 1340 1288 eorum,
1360 1244 1408 1280 ut
1427 1239 1525 1291 ipsa
1544 1239 1694 1291 potius
1714 1239 1778 1281 eis
1798 1237 1882 1281 dis-

1052 1294 1281 1346 plicerent,
1309 1307 1397 1336 non
1423 1294 1636 1345 medicus,
1663 1308 1689 1336 a
1709 1307 1797 1347 quo
1818 1307 1883 1336 sa-

1052 1349 1283 1392 nabantur.
1315 1351 1397 1391 His
1422 1350 1628 1392 omnibus
1651 1350 1884 1392 curationi-

1051 1405 1135 1447 bus
1164 1407 1254 1458 ejus
1282 1406 1457 1457 ingrati,
1492 1411 1719 1458 tamquam
1745 1406 1884 1448 multa

1052 1461 1176 1504 febre
1221 1461 1479 1514 phrenetici,
1528 1462 1796 1504 insanientes
1840 1462 1885 1503 in

1052 1517 1288 1567 medicum,
1314 1519 1388 1570 qui
1411 1519 1593 1560 venerat
1617 1520 1771 1560 curare
1795 1530 1884 1568 eOS,

1054 1574 1415 1625 excogitaverunt
1424 1573 1659 1616 >consilium
1668 1573 1886 1627 perdendi

1055 1642 1171 1670 eum:
1202 1634 1429 1682 tamquam
1460 1629 1522 1672 ibi
1553 1630 1753 1672 volentes
1784 1642 1884 1682 pro-

1054 1684 1177 1735 bare,
1218 1690 1366 1727 utrum
1395 1698 1499 1727 vere
1529 1685 1662 1727 homo
1693 1686 1767 1735 sit,
1809 1685 1885 1738 qui

1054 1741 1166 1782 mori
1189 1742 1347 1794 possit,
1375 1754 1431 1783 an
1457 1741 1624 1794 aliquid
1651 1754 1784 1794 super
1807 1741 1884 1783 ho-

1054 1796 1194 1838 mines
1218 1797 1290 1847 sit,
1318 1801 1362 1839 et
1388 1797 1501 1838 mori
1524 1809 1572 1838 se
1596 1809 1686 1839 non
1708 1799 1884 1850 permit-

1054 1856 1129 1893 tat.
1161 1852 1361 1894 Verbum
1383 1853 1582 1905 ipsorum
1605 1853 1885 1904 agnoscimus

1055 1907 1100 1947 in
1114 1907 1339 1960 Sapientia
1353 1908 1615 1950 Salomonis:
1634 1908 1780 1951 Morte
1798 1913 1885 1950 tur-

1056 1963 1257 2015 pissima,
1286 1963 1508 2016 inquiunt,
1542 1963 1885 2005 condemnemus

1056 2030 1167 2059 eum.
1194 2019 1521 2070 Interrogemus
1537 2031 1651 2061 eum:
1671 2019 1755 2061 erit
1770 2020 1886 2061 enim

1055 2076 1284 2126 respectus
1309 2075 1352 2116 in
1377 2075 1653 2122 sermonibus
1676 2075 1805 2116 illius.
1841 2075 1886 2116 Si

1057 2130 1173 2170 enim
1201 2143 1304 2173 vere
1331 2130 1467 2172 Filius
1494 2131 1580 2172 Dei
1607 2136 1690 2182 est,
1727 2131 1886 2173 liberet

1057 2198 1166 2226 eum.

1108 2256 1160 2308 R,
1198 2249 1415 2292 Tenebrae
1451 2250 1581 2292 factae
1619 2255 1736 2301 sunt,
1781 2250 1886 2293 dum

1056 2305 1377 2348 crucifixissent
1395 2306 1419 2346 J
1423 2319 1546 2347 esum
1564 2307 1589 2347 J
1591 2306 1723 2348 udaei:
1743 2310 1787 2348 et
1807 2306 1884 2348 cir-

1056 2374 1108 2402 ca
1127 2361 1282 2402 horam
1302 2374 1463 2402 nonam
1484 2362 1746 2404 exelamavit
1758 2362 1783 2402 J
1785 2374 1885 2404 esus

1056 2429 1165 2458 voce
1189 2429 1360 2467 magna:
1392 2418 1514 2459 Deus
1537 2430 1678 2466 meus,
1705 2421 1754 2458 ut
1778 2416 1884 2469 quid

1055 2485 1125 2513 me
1149 2470 1443 2524 dereliquisti?
1463 2478 1486 2502 *
1506 2473 1564 2514 Et
1586 2473 1794 2514 inclinato
1818 2475 1885 2513 ca-

1055 2528 1146 2580 pite
1166 2527 1309 2568 emisit
1328 2529 1539 2580 spiritum.
1560 2526 1611 2578 V.
1623 2527 1885 2569 Exclamans

1054 2584 1182 2624 Jesus
1209 2595 1319 2623 voce
1346 2597 1520 2635 magna,
1552 2584 1628 2626 ait:
1659 2584 1809 2632 Pater,
1841 2584 1885 2624 in

1054 2651 1210 2679 manus
1245 2643 1343 2679 tuas
1386 2638 1646 2681 commendo
1685 2639 1886 2691 spiritum

1054 2707 1211 2735 meum.
1238 2694 1296 2735 Et
1314 2694 1533 2737 inclinato.
