2028 2892
189 201 255 236 262

192 297 350 339 videtis
378 298 550 340 habere.
589 298 691 341 Non
719 312 824 351 ergo
849 313 929 353 per
955 300 1015 340 in-

193 356 451 407 corpoream
478 358 698 405 naturam,
736 357 814 398 sed
845 370 925 410 per
952 369 1015 398 re-

192 411 476 453 surrectionis
505 412 778 464 qualitatem,
805 413 1016 466 impervia

191 480 272 508 usu
297 467 445 509 clausa
467 470 726 521 penetravit.
762 470 876 511 Nam
897 469 1017 522 quod

191 524 397 575 tangitur,
427 538 587 578 corpus
614 531 694 567 est:
723 526 842 578 quod
866 526 1015 579 palpa-

190 584 274 630 tur,
294 594 454 634 corpus
475 587 551 623 est.

242 649 292 699 R».
346 647 522 689 Virtute
571 660 728 699 magna
773 647 1017 690 reddebant

190 703 412 755 Apostoli,
431 706 454 729 *
478 704 796 746 Testimonium
825 717 1014 746 resurre-

191 760 348 801 ctionis
367 760 391 800 J
394 773 471 801 esu
491 760 651 801 Christi
671 761 847 802 Domini
866 761 1016 811 nostri,

190 815 379 868 alleluja,
411 816 592 869 alleluja.
631 816 678 865 Υ
718 817 893 870 Repleti
926 818 1015 870 qui-

191 872 292 915 dem
327 874 491 926 Spiritu
528 879 680 915 sancto
723 874 1016 926 loquebantur

190 942 289 971 eum
307 929 466 972 fiducia
482 930 664 971 verbum
679 931 772 972 Dei.
801 931 1015 972 Testimo-

187 999 317 1028 nium.

241 1050 401 1090 Bened.
430 1049 637 1090 Divinum
656 1049 872 1090 auxilium.

492 1125 642 1165 Lectio
662 1126 699 1165 ii.

236 1201 263 1228 n
308 1190 495 1241 corpore
540 1194 686 1231 autem
727 1190 1014 1239 resurgemus.

257 1244 501 1287 Seminatur
513 1245 625 1287 enim
642 1258 802 1298 corpus
818 1246 1014 1295 animale,

188 1302 328 1352 surgit
356 1315 517 1354 corpus
551 1302 759 1355 spiritale:
797 1302 876 1344 sed
907 1302 1015 1343 illud

189 1358 406 1408 subtilius,
428 1358 512 1400 hoc
537 1360 742 1409 crassius,
767 1363 922 1412 utpote
941 1359 1013 1400 ad-

188 1414 273 1456 huc
307 1417 494 1457 terrenae
527 1416 637 1457 labis
671 1416 880 1468 qualitate
913 1429 1013 1457 con-

186 1473 364 1513 cretum.
403 1473 518 1514 Nam
552 1473 775 1525 quomodo
803 1486 893 1514 non
921 1486 1013 1514 cor-

185 1542 279 1581 pus,
298 1529 341 1569 in
362 1542 449 1582 quo
467 1529 701 1571 manebant
720 1530 905 1580 insignia
923 1529 1014 1570 vul—

186 1597 356 1635 nerum,
389 1586 574 1637 vestigia
607 1587 876 1635 cicatricum,
914 1599 1013 1638 quae

185 1642 399 1683 Dominus
419 1642 639 1695 palpanda
659 1641 838 1684 obtulit?
858 1643 909 1683 In
925 1655 1012 1694 quo

187 1710 274 1738 non
295 1698 436 1739 solum
456 1699 587 1740 fidem
608 1700 762 1749 firmat,
783 1699 862 1741 sed
882 1699 1013 1740 etiam

188 1753 469 1796 devotionem
508 1756 638 1805 acuit,
677 1755 796 1808 quod
832 1755 1013 1797 vulnera

187 1813 393 1864 suscepta
430 1825 512 1865 pro
544 1812 671 1854 nobis
708 1812 822 1854 coelo
854 1812 1013 1853 inferre

186 1867 355 1917 maluit,
375 1868 552 1910 abolere
572 1869 725 1919 noluit-3
749 1874 797 1910 ut
817 1869 913 1911 Deo
933 1868 1011 1908 Pa-

185 1924 241 1965 tri
268 1930 432 1966 nostrae
461 1925 601 1977 pretia
629 1925 843 1967 libertatis
869 1928 1012 1967 osten-

188 1980 324 2024 deret.
357 1981 509 2023 Talem
534 1982 616 2023 sibi
634 1982 766 2024 Pater
789 1981 844 2023 ad
865 1982 1011 2024 dexte-

187 2052 281 2080 ram
300 2038 432 2088 locat,
452 2038 699 2091 trophaeum
717 2043 881 2080 nostrae
901 2039 1011 2080 salii-

186 2096 243 2137 tis
262 2095 544 2149 amplectens:
564 2095 674 2136 tales
694 2095 781 2137 illic
796 2096 1012 2148 Martyres

187 2152 314 2194 nobis
339 2152 554 2194 cicatricis
580 2165 672 2193 suae
700 2154 865 2193 corona
893 2165 1012 2195 mon-

186 2209 351 2252 strevit.

242 2276 291 2327 Ru
332 2275 400 2316 De
435 2287 512 2316 ore
546 2274 774 2327 prudentis
812 2275 1013 2328 procedit

186 2332 288 2382 mel,
326 2331 511 2384 alleluja:
553 2330 740 2373 dulcedo
771 2332 911 2373 mellis
945 2338 1011 2374 est

187 2388 268 2430 sub
296 2388 442 2440 lingua
471 2389 576 2440 ejus,
605 2388 790 2440 alleluja:
817 2391 838 2413 *
868 2388 1012 2431 Favus

188 2444 403 2486 distillans
425 2444 540 2486 labia
565 2446 672 2497 ejus,
702 2445 888 2496 alleluja,
913 2446 1012 2488 alle-

187 2501 284 2553 luja.
353 2499 397 2548 Y.
442 2501 663 2554 Sapientia
699 2502 935 2554 requiescit
970 2504 1012 2543 in

190 2558 323 2600 corde
343 2559 449 2610 ejus,
476 2563 519 2600 et
537 2558 769 2611 prudentia
789 2559 832 2599 in
853 2562 1013 2600 sermo-

190 2628 245 2656 nc
266 2615 354 2655 oris
373 2614 498 2656 illius.
531 2615 686 2656 Favus.
714 2615 865 2656 Gloria
884 2616 1013 2656 Patri.

189 2671 344 2712 Favus.

246 2730 403 2772 Bened.
435 2732 503 2774 Ad
523 2733 791 2776 societatem.

784 204 884 237 Infra
910 205 1094 238 Octavam
1118 204 1289 238 Paschae.

1368 300 1516 341 Lectio
1537 301 1590 340 iii.

1149 360 1168 396 t
1206 355 1411 407 quoniam
1449 366 1594 396 sermo
1626 353 1712 395 huc
1742 358 1894 397 noster

1163 412 1315 461 evasit,
1343 410 1671 453 consideremus
1696 423 1782 463 qua
1799 413 1893 463 gra-

1068 468 1130 509 tia
1167 467 1408 509 secundum
1443 468 1468 509 J
1471 469 1658 509 oannem
1699 466 1894 509 credide-

1068 525 1154 566 rint
1178 524 1400 577 Apostoli,
1429 524 1502 577 qui
1525 524 1664 575 gavisi
1686 528 1801 575 sunt;
1830 537 1893 566 se-

1068 581 1259 623 cundum
1302 581 1467 623 Lucam
1513 581 1638 634 quasi
1681 581 1896 623 increduli

1067 638 1399 689 redarguantur:
1443 638 1504 680 ibi
1541 637 1751 691 Spiritum
1799 651 1893 679 san-

1069 699 1189 736 ctum
1207 695 1475 748 acceperint,
1500 694 1572 735 hic
1596 692 1751 735 sedere
1773 694 1818 735 in
1837 695 1893 736 ci-

1068 751 1204 793 vitate
1236 752 1481 803 jubeantur,
1515 750 1802 803 quoadusque
1833 751 1893 792 in-

1069 808 1258 850 duantur
1285 809 1447 851 virtute
1476 821 1530 850 ex
1558 807 1659 849 alto.
1695 808 1752 849 Et
1777 806 1893 850 vide-

1069 870 1140 906 tur
1164 865 1270 906 mihi
1293 865 1365 907 ille
1392 865 1517 918 quasi
1539 864 1783 917 Apostolus
1806 878 1893 906 ma-

1068 922 1161 974 jora
1176 926 1220 963 et
1235 922 1391 963 altiora
1403 922 1610 973 tetigisse,
1629 920 1699 963 hic
1714 923 1894 973 sequen-

1068 979 1129 1020 tia
1149 983 1192 1020 et
1209 978 1408 1020 humanis
1427 978 1642 1031 proxima:
1667 977 1738 1019 hic
1761 978 1893 1019 histo-

1068 1035 1161 1076 rico
1181 1049 1287 1076 usus
1307 1036 1505 1085 circuitu,
1524 1034 1597 1076 ille
1617 1034 1894 1088 compendio:

1069 1093 1170 1144 quia
1189 1096 1232 1134 et
1251 1092 1306 1134 de
1324 1092 1401 1133 illo
1421 1091 1612 1134 dubitari
1629 1104 1718 1133 non
1734 1096 1894 1145 potest,

1070 1149 1144 1201 qui
1175 1149 1474 1191 testimonium
1503 1148 1706 1201 perhibet
1737 1148 1793 1190 de
1823 1148 1893 1199 iis,

1069 1205 1228 1257 quibus
1247 1206 1341 1258 ipse
1361 1205 1570 1255 interfuit,
1594 1210 1638 1247 et
1656 1218 1808 1247 verum
1827 1210 1894 1247 est

1068 1262 1366 1304 testimonium
1391 1263 1496 1314 ejus:
1530 1266 1573 1303 et
1600 1262 1655 1303 ab
1679 1261 1765 1303 hoc
1789 1274 1892 1314 quo-

1070 1331 1170 1371 que,
1200 1319 1274 1371 qui
1296 1318 1577 1370 Evangelista
1600 1331 1697 1360 esse
1720 1318 1893 1368 meruit,

1068 1375 1138 1417 vel
1164 1375 1457 1427 negligentiae,
1484 1375 1555 1417 vel
1583 1374 1799 1417 mendacii
1826 1388 1893 1416 su-

1068 1432 1309 1485 spicionem
1337 1445 1512 1485 aequum
1541 1437 1607 1474 est
1634 1430 1894 1485 propulsari.

1067 1489 1123 1531 Et
1140 1487 1242 1530 ideo
1259 1502 1412 1530 verum
1429 1491 1634 1542 putamus
1649 1492 1893 1541 utrumque,

1066 1558 1154 1586 non
1191 1546 1507 1587 sententiarum
1542 1546 1773 1595 varietate,
1812 1558 1894 1587 nec

1067 1605 1353 1654 personarum
1365 1602 1620 1644 diversitate
1629 1601 1893 1644 distinctum.

1066 1659 1180 1699 Nam
1199 1659 1281 1700 etsi
1295 1659 1437 1711 primo
1452 1659 1594 1700 Lucas
1610 1671 1687 1700 eos
1701 1671 1789 1700 non
1804 1671 1893 1700 cre-

1067 1714 1232 1756 didisse
1252 1715 1384 1765 dicat,
1409 1718 1566 1768 postea
1589 1719 1737 1757 tamen
1756 1715 1892 1757 credi-

1067 1770 1184 1813 disse
1204 1771 1490 1813 demonstrat:
1514 1776 1557 1813 et
1576 1772 1613 1813 si
1631 1772 1774 1825 prima
1793 1785 1892 1814 con-

1067 1827 1324 1878 sideremus,
1357 1829 1576 1870 contraria
1609 1833 1725 1871 sunt:
1760 1829 1797 1870 si
1829 1842 1892 1870 εθ-

1068 1885 1254 1937 quentia,
1274 1890 1442 1926 certum
1461 1890 1528 1926 est
1547 1887 1790 1927 convenire.

1119 1945 1181 1984 Te
1200 1942 1343 1983 Deum
1361 1941 1601 1983 laudamus.
1620 1942 1679 1982 15.

1119 2004 1189 2046 Ad
1219 2004 1375 2045 Bcned.
1410 2004 1509 2044 Ant.
1546 2003 1676 2045 Stetit
1698 2002 1825 2044 Jesus
1849 2002 1892 2043 in

1068 2059 1214 2102 medio
1253 2059 1569 2113 discipulorum
1611 2061 1804 2109 suorum,
1851 2065 1893 2100 et

1069 2116 1179 2158 dixit
1199 2117 1275 2158 eis:
1302 2117 1395 2158 Pax
1415 2116 1557 2167 vobis,
1583 2116 1768 2168 alleluja,
1794 2115 1893 2157 alle-

1068 2174 1163 2226 luia.
1511 2223 1518 2230 .

1398 2223 1559 2263 Oratio.

1067 2279 1247 2384 DeuS,
1275 2282 1347 2335 qui
1371 2282 1614 2324 Ecclesiam
1638 2286 1758 2324 tuam
1777 2294 1893 2324 novo

1163 2351 1337 2392 semper
1363 2340 1471 2380 foetu
1489 2338 1769 2392 multiplicas:
1795 2351 1894 2380 con—

1068 2395 1176 2437 cede
1194 2395 1366 2437 famulis
1386 2396 1489 2446 tuis3
1509 2401 1556 2438 ut
1575 2397 1893 2437 sacramentum

1068 2451 1255 2494 vivendo
1274 2454 1469 2502 teneant,
1497 2452 1616 2504 quod
1639 2451 1727 2493 fide
1745 2463 1893 2504 perce-

1067 2511 1235 2562 perunt.
1262 2509 1345 2550 Per
1365 2508 1614 2549 Dominum.

1120 2570 1189 2611 Ad
1210 2570 1380 2620 Magnis.
1414 2570 1514 2609 Ant.
1558 2568 1714 2611 Videte
1739 2581 1894 2609 manus

1067 2639 1187 2667 meas
1209 2630 1252 2667 et
1270 2625 1408 2678 pedes
1427 2637 1560 2674 meOS,
1582 2626 1682 2677 quia
1702 2638 1783 2675 ego
1799 2625 1894 2678 ipse

1069 2695 1176 2734 sum,
1196 2682 1376 2734 alleluja,
1396 2681 1578 2732 alleluja.
