2066 2956
210 202 254 237 6*
866 198 980 233 Festa
1006 199 1142 233 Martii.

1167 199 1222 237 (5.)

546 294 709 335 Oratio.

209 354 391 460 DeuS,
421 358 495 410 qui
521 357 699 399 beatum
726 357 941 398 Joannem
965 356 1036 397 Jo-

339 414 523 467 sephum
565 414 874 456 Confessorem
914 418 1038 455 tuum

210 484 290 524 per
318 470 477 513 arduas
505 471 795 524 paupertatis,
823 469 1037 511 humilita-

209 528 267 570 tis
288 533 332 570 et
350 528 573 581 patientiae
594 528 687 569 vias
711 527 881 570 coelesti
900 526 1039 578 gloria

211 584 471 627 sublimasti:
505 584 561 626 da
593 584 738 635 nobis,
772 585 1038 636 quaesumus3

210 646 258 683 ut
277 654 407 683 carne
424 641 688 691 mortificati,
709 642 801 693 ejus
819 640 1040 681 imitemur

211 698 430 751 exempla,
474 703 517 740 et
557 698 728 750 gaudiis
764 697 1040 750 perfruamur

211 755 398 797 aeternis.
435 756 519 796 Per
547 755 798 796 Dominum.

261 830 303 863 In
335 829 360 863 I.
394 829 591 862 Nocturno
625 829 828 863 Lectiones
863 830 909 864 de
939 830 1037 864 Scri-

210 885 320 922 ptura
347 883 579 911 occurrente.
658 913 662 917 .

262 939 337 973 Sed
368 939 403 972 in
430 939 621 980 Quadrag.
654 939 767 972 Lech:
803 938 945 973 Bezitus
969 938 1039 973 vir.

210 988 256 1022 de
283 987 485 1022 Communi
509 987 539 1020 2.
564 987 662 1021 loco.

433 1070 481 1108 In
509 1070 558 1108 ΙΙ.
587 1069 810 1108 Nocturno.

511 1138 692 1179 Lectio'
683 1152 734 1178 iv.

223 1211 259 1257 gr>
282 1207 436 1272 52:12-jselae
468 1207 589 1257 regni
617 1206 833 1259 Neapolis
860 1207 903 1248 in
932 1206 1040 1249 urbe

220 1264 259 1323 s}
282 1261 320 1318 ’ᾖ
350 1263 469 1316 apud
487 1263 723 1305 Aenariam
746 1264 942 1314 insulam,
960 1276 1040 1329 ‘pa-

222 1302 325 1345 ‘43³²
349 1320 546 1362 rentibus
570 1319 798 1363 nobilitate
817 1320 1040 1372 sanguinis

212 1380 471 1429 morumque
519 1376 742 1430 probitate
791 1378 1040 1430 praestanti-

213 1433 306 1483 bus,
332 1438 454 1475 ortus
479 1438 547 1475 est
565 1434 590 1474 J
593 1446 757 1475 oannes
776 1434 800 1475 J
804 1434 996 1487 osephus
1016 1448 1042 1477 a

214 1491 364 1532 Cruce.
392 1490 651 1532 Christianae
666 1491 844 1543 pietatis
865 1492 1041 1543 semina,

215 1560 313 1599 quae
337 1548 382 1588 in
402 1549 493 1599 ejus
518 1547 717 1597 animam,
743 1548 943 1600 supernis
970 1549 1040 1590 be-

213 1603 535 1646 nedictionibus
553 1605 840 1657 praeventam,
865 1617 964 1646 cum
982 1605 1040 1647 la-

215 1666 284 1702 cte
332 1661 668 1711 instillaverant,
718 1661 885 1703 fructus
936 1676 1041 1704 mox

214 1718 458 1760 uberrimos
491 1718 739 1761 attulerunt.
784 1719 1042 1761 Tenerrima

213 1774 356 1817 adhuc
380 1777 523 1824 aetate,
549 1775 711 1817 nedum
739 1788 765 1816 a
787 1776 915 1827 nugis
937 1789 1041 1829 pue-

212 1831 364 1874 rilibus
388 1831 631 1881 abhorruit,
655 1832 735 1874 sed
759 1833 944 1875 virtutes
969 1846 1039 1875 ex-

213 1888 358 1930 colere
391 1889 528 1941 coepit
566 1889 844 1940 illustriores,
881 1890 1042 1932 silentii

211 1946 499 1998 potissimum,
515 1946 877 1996 mortificationis,
890 1946 1042 1990 mundi

212 2004 366 2055 suique
398 2003 536 2055 ipsius
573 2002 893 2055 abnegationis,
932 2016 1041 2056 quas

213 2058 390 2101 assiduo
419 2060 631 2102 orationis
659 2060 807 2102 studio
837 2060 1039 2102 confove-

213 2115 298 2157 bat.
327 2116 533 2169 Deiparae
549 2116 725 2168 cultum,
746 2130 876 2169 quem
893 2117 949 2159 ad
966 2117 1039 2160 ob·

212 2172 319 2214 itum
347 2186 486 2225 usque
513 2174 557 2214 in
585 2173 680 2215 dies
708 2174 845 2223 auxit,
875 2174 1042 2216 interea

211 2230 424 2282 temporis
469 2231 668 2283 arripuit;
708 2230 1041 2284 Dominicaeque

212 2285 435 2327 Passienis
457 2292 500 2329 et
519 2287 809 2329 Eucharistiae
832 2289 1041 2340 mysteria

213 2342 372 2384 affectu
416 2344 627 2396 peculiari
676 2344 1040 2398 prosequebatur.

213 2399 358 2441 Sancti
385 2401 503 2442 Petri
530 2401 585 2443 de
606 2401 845 2444 Alcantara
871 2403 1039 2445 institu-

213 2460 316 2504 tum,
337 2456 456 2508 quod
475 2457 499 2498 J
502 2460 667 2499 oannes
687 2458 742 2500 de
762 2464 915 2501 sancto
935 2460 1038 2501 Ber-

214 2487 353 2553 nardo
402 2525 455 2554 ex
498 2514 709 2567 Hispanis
752 2515 1039 2567 Excalceatis,

215 2567 438 2610 Clemente
453 2583 568 2611 nono
582 2571 870 2623 approbante,
884 2575 1039 2625 nuper-

213 2623 322 2665 rime
349 2624 392 2665 in
421 2626 591 2667 Italiam
619 2628 861 2678 invexerat,
890 2628 1039 2671 divino

214 2680 390 2722 afflante
422 2681 628 2733 Numine,
664 2697 777 2725 anno
808 2685 910 2727 vitae
947 2699 1039 2727 suae

213 2736 515 2780 sextodecimo
552 2740 779 2793 amplexus
811 2747 879 2784 est
910 2743 1040 2785 Italo-

1090 308 1186 335 rum
1201 294 1379 347 primus.
1401 293 1642 360 Seraphico
1657 292 1922 343 Patriareha‚

1090 351 1395 404 fidissiquue
1415 352 1506 403 ejus
1522 351 1698 392 alumno
1714 351 1847 393 Petro
1866 349 1922 392 de

1092 408 1358 450 Alcantara
1347 422 1391 449 111
1410 408 1510 462 ipso
1529 408 1746 461 tyrocinio
1762 407 1847 449 sibi
1866 406 1923 450 ad

1091 464 1350 507 imitandum
1360 464 1615 530 propositiS,
1622 464 1780 506 mirum
1791 476 1923 517 quam

1092 521 1287 574 perfecte
1303 521 1607 574 poenitentiam
1621 520 1747 573 hujus
1762 525 1806 563 et
1821 533 1923 562 con-

1091 578 1441 631 templationem,
1479 577 1771 619 humilitatem
1806 576 1923 619 illius

1092 648 1145 677 ac
1164 637 1483 688 paupertatem,
1501 636 1587 688 iam
1604 640 1699 677 tum
1713 634 1844 676 fuerit
1857 647 1922 676 as-

1093 694 1283 734 secutus.

1145 754 1196 805 Rg.
1223 749 1468 790 Honestum
1490 748 1603 790 fecit.

1398 808 1550 849 Lectio
1572 823 1608 848 v.

1175 863 1285 905 ertio
1301 863 1374 904 vix
1389 862 1577 905 decurso
1593 875 1619 904 a
1632 863 1817 905 solemni
1831 876 1926 917 pro-

1196 920 1387 962 fessione
1415 933 1494 962 sua
1522 933 1653 971 anno,
1681 919 1923 963 Pedemon-

1092 976 1184 1019 tani
1222 976 1396 1030 Aliphae
1442 976 1634 1019 coenobii
1678 977 1923 1020 fundationi

1094 1033 1356 1076 destinatur:
1394 1033 1514 1087 quod
1550 1034 1641 1086 ejus
1679 1036 1816 1088 opera
1852 1048 1923 1078 ex-

1093 1093 1241 1142 iguum
1287 1090 1399 1132 adeo
1445 1092 1603 1141 evasit,
1647 1097 1695 1134 ut
1735 1091 1926 1143 alteriuS,

1095 1148 1215 1200 quod
1248 1147 1353 1189 olim
1390 1148 1434 1188 in
1465 1148 1666 1190 Pedroso
1698 1149 1922 1192 Extrema—

1095 1204 1217 1246 durae
1236 1210 1413 1247 sanctus
1426 1205 1586 1247 Petrus
1605 1204 1660 1248 de
1674 1206 1924 1258 Alcantara,

1094 1262 1314 1304 clericus
1303 1276 1398 1316 ipse
1455 1275 1618 1315 uoque,
1643 1264 1924 1314 excitaverat,

1094 1319 1325 1370 imaginem
1345 1320 1428 1361 sim
1538 1333 1609 1361 am
1626 1320 1821 1362 referret.
1850 1320 1923 1362 Sa-

1096 1375 1294 1418 cerd6tio
1326 1389 1381 1418 ex
1413 1376 1665 1419 obedientia
1695 1377 1923 1428 inaugura-

1094 1438 1183 1483 tus,
1231 1433 1473 1487 disciplinis
1510 1434 1770 1484 moralibus,
1814 1447 1924 1487 quas

1094 1503 1330 1542 numquam
1355 1490 1655 1544 perdidicerat
1680 1491 1923 1545 improviso

1095 1546 1296 1588 excultus
1311 1548 1431 1589 visus
1450 1553 1528 1590 est.
1555 1548 1839 1601 Superiorum
1853 1550 1924 1590 ve-

1094 1604 1165 1645 nia
1188 1617 1276 1646 non
1303 1604 1433 1656 longe
1462 1605 1517 1647 ab
1547 1618 1600 1647 eo
1628 1605 1833 1648 coen6bio
1859 1618 1924 1648 sa-

1095 1673 1214 1703 cram
1251 1663 1447 1703 eremum
1487 1665 1715 1705 exstruere
1751 1664 1923 1714 aggres-

1094 1731 1180 1768 sus,
1203 1718 1354 1761 subter
1378 1719 1542 1760 excelsi
1559 1720 1722 1762 montis
1742 1719 1925 1772 dejectu,

1093 1781 1142 1818 ut
1184 1776 1490 1818 absolveretur
1531 1789 1663 1829 quam
1704 1777 1926 1827 citissime,

1093 1831 1221 1884 ligna,
1235 1833 1418 1886 lapides,
1434 1833 1611 1884 calcem,
1626 1833 1819 1876 humeris
1835 1835 1925 1876 suis

1094 1889 1294 1932 mordaci
1310 1890 1448 1932 lorica
1468 1891 1694 1941 contectis,
1720 1893 1924 1944 exporta-

1093 1946 1186 1997 bat;
1199 1947 1259 1989 ita
1274 1952 1322 1988 ut
1337 1960 1417 2000 per
1432 1947 1639 1990 calcanea
1652 1960 1783 1990 cruor
1799 1948 1925 1991 uber-

1093 2003 1172 2045 tim
1198 2004 1242 2045 in
1268 2009 1431 2046 terram
1457 2004 1684 2047 deflueret.
1722 2005 1925 2048 Fratrum

1093 2063 1250 2112 rogatu
1277 2062 1398 2113 leges
1433 2061 1648 2115 quasdam
1679 2075 1762 2116 pro
1797 2075 1924 2104 sacro

1093 2117 1169 2159 illo
1211 2120 1390 2161 recessu
1425 2119 1671 2172 peculiares
1716 2118 1924 2171 condidit,

1094 2174 1259 2227 dignas,
1280 2188 1380 2227 quae
1395 2189 1420 2217 a
1434 2175 1548 2218 Sede
1564 2176 1811 2230 apostulica
1824 2189 1924 2218 con·

1093 2232 1380 2275 firmarentur.
1418 2233 1700 2276 Novitiorum
1725 2234 1924 2286 regimini

1092 2290 1371 2343 praepositus,
1398 2293 1551 2332 eorum
1571 2289 1628 2333 ad
1647 2291 1782 2333 vitam
1799 2304 1924 2343 regu·
1953 2293 1959 2299 ’

1092 2346 1230 2388 larem
1254 2346 1523 2400 componere
1542 2360 1689 2389 mores
1709 2360 1762 2390 eo
1780 2348 1923 2402 profe-

1093 2408 1167 2445 ctu
1198 2405 1351 2445 enixus
1385 2409 1469 2454 est,
1501 2409 1550 2446 ut
1580 2404 1757 2446 illorum
1789 2405 1924 2458 aliqui

1093 2460 1339 2502 sanctitatis
1384 2466 1429 2502 et
1463 2461 1774 2503 miraculorum
1808 2461 1922 2503 fama

1092 2516 1384 2559 inclaruerint.
1416 2517 1583 2559 Verum
1603 2530 1702 2559 cum
1721 2518 1923 2560 Clemens

1092 2574 1212 2626 Papa
1248 2574 1526 2624 undecimus,
1570 2575 1720 2617 saeculi
1767 2575 1924 2618 decimi

1093 2632 1239 2673 octavi
1263 2631 1398 2681 initio,
1418 2632 1596 2674 Fratres
1613 2632 1751 2674 Italos
1769 2632 1922 2674 Excal-

1093 2690 1244 2729 ceatos
1270 2688 1325 2730 ab
1350 2688 1561 2741 Hispanis
1586 2689 1629 2730 in
1653 2702 1789 2741 regno
1809 2690 1922 2732 Nea·

1092 2744 1207 2796 polis
1234 2745 1510 2796 sejunxisset,
1537 2745 1688 2799 illique
1713 2746 1832 2788 nulla
1857 2759 1921 2789 re-
