2028 2892
149 255 363 307 proferre,
391 257 475 297 nisi
493 257 685 308 legisset,
712 271 842 299 nemo
865 258 978 309 lege-

149 316 231 360 ret,
256 312 339 352 nisi
358 311 527 353 litteras
548 312 790 354 didicisset:
816 319 859 355 et
876 314 978 356 ideo

149 366 430 409 mirabantur.
471 368 637 409 Eorum
671 374 818 410 autem
844 370 978 411 admi-

149 423 279 472 ratio,
304 425 516 475 magistro
536 424 651 465 facta
677 429 744 466 est
763 425 978 466 insinuan-

150 477 220 520 dae
239 479 369 520 altius
388 480 586 522 veritatis
606 481 794 521 occasio.

204 538 255 589 R.
280 535 396 585 Quid
416 548 487 577 me
507 536 703 588 quaeritis
722 537 979 586 interficere,

149 589 371 632 hominem
391 592 466 643 qui
483 605 590 633 vera
604 592 778 633 locutus
794 606 890 633 sum
905 605 978 634 vo-

148 645 241 688 bis?
264 650 286 675 *
305 647 350 688 Si
375 648 490 689 male
516 647 691 689 locutus
718 661 832 698 sum,
861 649 979 690 testi-

149 703 347 745 monium
360 704 545 757 perhibe
561 704 617 746 de
632 705 763 746 malo:
783 705 819 745 si
834 709 980 746 autem

148 758 273 809 bene,
289 772 365 801 cur
379 773 450 802 me
466 759 622 802 caedis?
643 756 693 809 V.
710 761 850 801 Multa
862 760 980 801 bona

151 816 287 868 opera
301 819 511 869 operatus
526 829 623 857 sum
638 817 778 858 vobis:
797 821 979 869 propter

154 871 275 924 quod
291 884 404 925 opus
424 873 556 915 vultis
574 885 646 914 me
665 871 890 914 occidere?
925 872 980 913 Si.

459 928 611 970 Lectio
639 929 679 968 ii.

151 979 260 1085 Ex
276 985 427 1026 eorum
443 984 607 1037 quippe
626 984 916 1026 admiratione
936 987 980 1024 et

241 1039 405 1090 verbis,
431 1040 542 1082 dixit
564 1040 781 1081 Dominus
804 1040 979 1092 profun-

151 1096 257 1138 dum
275 1095 457 1148 aliquid,
483 1100 528 1137 et
553 1096 805 1147 diligentius
825 1095 981 1147 inspici

151 1157 196 1194 et
221 1152 381 1194 discuti
402 1151 594 1203 dignum.
629 1151 745 1202 Quid
768 1163 872 1202 ergo
892 1152 979 1191 Do-

149 1208 293 1250 minus
312 1208 544 1260 respondit
561 1209 639 1258 eis,
663 1207 981 1250 admirantibus

153 1264 376 1316 quomodo
402 1264 534 1306 sciret
555 1264 739 1314 litteraS,
766 1276 875 1315 quas
894 1275 981 1304 non

152 1319 389 1363 didicerat?
430 1321 545 1370 Mea,
583 1321 740 1372 inquit,
778 1319 982 1361 doctrina

150 1389 239 1418 non
258 1381 326 1418 est
344 1389 454 1427 mea,
473 1376 553 1418 sed
570 1377 661 1428 ejus
681 1376 756 1428 qui
769 1375 888 1416 misit
900 1387 982 1416 me.

151 1433 263 1474 Haec
289 1436 357 1474 est
379 1431 656 1485 profunditas
680 1431 837 1483 prima:
865 1429 981 1471 vide-

151 1492 224 1529 tur
249 1488 365 1530 enim
387 1487 542 1540 paucis
559 1487 706 1529 verbis
732 1487 858 1539 quasi
881 1498 981 1527 con·

152 1544 288 1585 traria
305 1544 492 1585 locutus.
531 1543 633 1584 Non
653 1543 768 1584 enim
787 1542 864 1583 ait:
890 1542 983 1582 Ista

153 1600 356 1642 doctrina
385 1611 475 1641 non
507 1603 575 1641 est
606 1611 718 1640 mea:
756 1597 851 1647 sed,
883 1597 983 1638 Mea

154 1656 355 1698 doctrina
378 1668 468 1697 non
491 1659 559 1697 est
580 1667 690 1697 mea.
723 1654 768 1696 Si
790 1666 878 1695 non
895 1658 983 1702 tua,

154 1711 379 1764 quomodo
416 1709 514 1753 tua?
558 1711 594 1752 si
629 1715 721 1760 tua,
758 1708 982 1761 quomodo

153 1780 243 1810 non
260 1766 360 1810 tua?
389 1768 459 1809 Tu
478 1767 594 1809 enim
608 1766 718 1808 dicis
733 1768 982 1816 utrumque:

154 1828 199 1866 et
215 1836 315 1866 mea
333 1823 548 1873 doctrina,
568 1827 612 1864 et
630 1835 719 1863 non
737 1834 845 1862 mea.

205 1877 258 1929 Rz.
298 1879 482 1921 Adduxi
516 1891 598 1920 vos
638 1891 718 1932 per
760 1877 983 1918 desertum

155 1935 444 1988 quadraginta
460 1935 584 1976 annis
604 1947 687 1985 ego
705 1933 811 1982 Dfis,
833 1936 877 1973 et
894 1944 982 1972 non

155 1996 256 2033 sunt
306 1993 456 2033 attrita
505 1990 768 2032 vestimenta
817 1991 982 2028 vestra:

155 2044 178 2068 *
206 2047 367 2088 Manna
398 2046 455 2088 de
489 2046 603 2087 coelo
634 2044 727 2098 plui
759 2042 905 2091 vobis,
938 2047 983 2083 et

155 2102 281 2144 obliti
305 2103 410 2145 estis
434 2114 519 2151 me,
543 2101 650 2143 dicit
672 2101 777 2140 Dns.
812 2095 863 2144 V.
886 2098 982 2148 Ego

155 2158 289 2201 eduxi
311 2171 392 2200 vos
417 2157 472 2199 de
497 2162 616 2199 terra
639 2154 833 2207 AEgypti,
860 2158 903 2194 et
927 2152 982 2194 de

157 2214 290 2256 domo
306 2213 534 2255 servitutis
545 2212 728 2254 liberavi
737 2222 829 2251 vos.
843 2209 982 2249 Mafia.

458 2267 610 2309 Lectio
632 2267 686 2307 iii.

159 2317 242 2424 Si
253 2338 357 2377 ergo
367 2325 614 2367 intueamur
625 2323 854 2386 diligenter
866 2318 986 2371 quod

243 2382 340 2434 ipse
374 2381 419 2422 in
456 2380 639 2422 exordio
673 2378 780 2420 dicit
810 2379 985 2417 sanctus

156 2437 451 2488 Evangelista:
470 2437 521 2477 In
535 2434 752 2488 principio
771 2436 864 2474 erat
877 2431 984 2472 Ver-

156 2492 276 2544 bum,
296 2497 340 2534 et
357 2492 558 2534 Verbum
583 2494 675 2532 erat
694 2487 813 2541 apud
832 2488 984 2534 Deum,

160 2659 362 2701 doctrina
386 2659 548 2708 Patris,
576 2657 659 2698 nisi
683 2653 882 2696 Verbum
906 2652 985 2691 Pa-

580 164 683 197 Infra
707 164 1004 198 Hebdomadam
1028 165 1076 199 iv.
1102 166 1426 208 Quadragcsimzc.

158 2553 202 2590 et
220 2549 342 2590 Deus
362 2553 456 2589 erat
470 2546 682 2589 Verbum:
701 2543 803 2585 inde
821 2540 985 2594 pendet
1048 2554 1050 2579 ι

157 2604 284 2655 hujus
303 2604 466 2645 solutio
487 2601 756 2654 quaestionis.
788 2599 896 2647 Quae
917 2600 984 2637 est
1003 2620 1006 2625 .

1030 258 1132 299 tris?
1167 260 1271 311 Ipse
1297 273 1401 310 ergo
1429 261 1626 302 Christus
1652 261 1852 303 doctrina

1030 315 1185 364 Patris,
1202 316 1239 355 si
1253 315 1449 357 Verbum
1468 318 1619 358 Patris.
1646 317 1734 358 Sed
1754 318 1853 369 quia

1030 371 1229 412 Verbum
1261 383 1347 412 non
1379 377 1527 424 potest
1559 386 1656 414 esse
1683 374 1853 422 nullius,

1032 426 1111 467 sed
1144 427 1339 478 alicujus:
1381 433 1425 469 et
1456 441 1577 469 suam
1609 429 1852 470 doctrinam

1033 482 1144 523 dixit
1168 485 1378 535 seipsum,
1406 489 1450 525 et
1474 497 1560 525 non
1585 497 1724 534 suam,
1753 485 1852 536 quia

1030 538 1175 579 Patris
1214 543 1281 580 est
1316 539 1524 581 Verbum.
1587 540 1701 590 Quid
1740 541 1852 581 enim

1033 599 1122 635 tam
1149 599 1272 635 tuum
1301 608 1430 646 quam
1458 594 1527 636 tu?
1561 600 1604 636 et
1633 595 1737 647 quid
1763 601 1853 636 tam

1032 662 1120 690 non
1139 655 1262 691 tuum
1282 663 1412 702 quam
1431 656 1496 700 tu,
1522 651 1559 697 si
1577 651 1756 702 alicujus
1776 657 1852 701 est,

1033 705 1154 756 quod
1173 705 1242 747 es?
1284 709 1334 759 Rg.
1357 707 1534 758 Moyses
1554 707 1750 747 famulus.
1769 707 1854 747 174.

1088 763 1159 803 Ad
1179 765 1341 805 Bened.
1375 765 1475 805 Ant.
1510 762 1625 813 Quid
1647 775 1717 803 me
1741 765 1851 814 qua'e—

1032 817 1127 858 ritis
1162 818 1185 843 *
1217 818 1479 869 interficere,
1520 818 1739 859 hominem
1782 818 1855 869 qui

1032 885 1136 914 vera
1153 873 1327 915 locutus
1345 886 1442 914 sum
1460 872 1608 915 vobis?

1371 932 1532 971 Oratio.

1037 982 1215 1088 Sacrae
1231 985 1369 1034 nobis,
1391 987 1640 1036 quaesumus
1656 985 1853 1034 Domine,

1117 1041 1435 1083 observationis
1473 1041 1643 1092 jejunia,
1690 1045 1733 1082 et
1768 1041 1854 1092 piae

1034 1097 1380 1139 conversationis
1399 1098 1689 1147 augmentum,
1710 1101 1753 1137 et
1768 1101 1855 1137 tuae

1033 1152 1362 1205 propitiationis
1377 1154 1631 1193 continuum
1645 1156 1856 1203 praestent

1034 1209 1252 1250 auxilium.
1279 1209 1363 1249 Per
1381 1208 1628 1248 Dominum.

1091 1263 1162 1303 Ad
1186 1263 1359 1313 Magnit.
1392 1263 1491 1302 Ant.
1524 1261 1664 1304 Nemo
1690 1262 1733 1302 in
1759 1275 1855 1303 eum

1033 1319 1150 1360 misit
1176 1332 1367 1360 manum:
1391 1320 1415 1344 *
1440 1320 1540 1371 quia
1568 1317 1760 1359 nondum
1787 1320 1855 1358 ve-

1034 1380 1158 1416 nerat
1176 1375 1286 1416 hora
1305 1376 1406 1426 ejus.

1373 1429 1534 1469 Oratio.

1038 1481 1300 1586 Miserere
1314 1485 1502 1526 Domine
1520 1484 1686 1536 populo
1705 1489 1792 1532 tuo,
1812 1489 1854 1524 et

1154 1542 1371 1583 continuis
1409 1539 1761 1583 tribulationibus
1797 1539 1853 1579 la-

1033 1599 1266 1640 borantem
1284 1597 1502 1650 propitius
1522 1595 1738 1647 respirare
1755 1607 1853 1635 con-

1035 1654 1154 1696 cede.
1180 1654 1265 1694 Per
1282 1653 1530 1694 Dominum.

1216 1756 1399 1792 Feria
1438 1755 1683 1802 Quarta.

1090 1812 1218 1847 Hodie
1243 1811 1421 1846 dicuntur
1443 1808 1587 1844 Psalmi
1613 1806 1835 1841 Graduales.

1038 1869 1192 1911 Lectio
1214 1868 1351 1909 sancti
1374 1866 1597 1916 Evangelii
1619 1863 1856 1906 secundum

1336 1923 1360 1964 J
1363 1925 1558 1964 oannem.

1143 1979 1294 2020 Lectio
1314 1979 1338 2019 i.
1600 1976 1701 2027 Cap.
1720 1975 1757 2015 9.

1036 2034 1112 2139 In
1126 2037 1201 2078 illo
1215 2038 1430 2087 tempore:
1446 2033 1704 2074 Praeteriens
1719 2031 1743 2070 J
1746 2041 1855 2077 esus,

1102 2092 1210 2134 vidit
1234 2091 1454 2132 hominem
1478 2101 1643 2130 caecum
1665 2099 1690 2126 a
1707 2084 1855 2125 nativi-

1035 2152 1142 2191 tate:
1162 2152 1205 2189 et
1222 2146 1599 2196 interrogaverunt
1616 2153 1714 2183 eum
1731 2139 1854 2180 disci·
1878 2153 1883 2156 ·

1036 2204 1130 2257 puli
1143 2204 1249 2254 ejus:
1268 2200 1423 2249 Rabbi,
1440 2199 1535 2251 quis
1550 2195 1758 2249 peccavit,
1774 2194 1854 2244 hic,

1037 2265 1112 2301 aut
1131 2260 1336 2311 parentes
1356 2256 1462 2306 ejus,
1481 2258 1530 2295 ut
1547 2263 1690 2294 caecus
1708 2262 1855 2291 nasce—

1036 2312 1179 2356 retur?
1207 2314 1264 2354 Et
1281 2311 1460 2362 reliqua.

1039 2377 1230 2420 Homilia
1245 2374 1384 2417 sancti
1397 2370 1624 2422 Augustini
1637 2369 1857 2421 Episcopi.

1110 2431 1233 2464 Tract.
1249 2431 1301 2464 44.
1319 2429 1358 2462 in
1373 2428 1395 2461 J
1400 2436 1570 2467 oannem,
1588 2425 1687 2459 circa
1707 2424 1786 2457 init.

1047 2500 1113 2535 im.
1125 2497 1150 2525 a
1170 2495 1268 2534 quae
1284 2480 1386 2522 fecit
1400 2477 1613 2519 Dominus
1630 2480 1777 2516 noster
1789 2475 1814 2515 J
1816 2487 1855 2515 e-

1048 2531 1050 2552 ¹
1098 2547 1112 2577 ι)
1143 2551 1215 2579 sus
1241 2536 1453 2582 Christus,
1481 2530 1698 2583 stupenda
1725 2535 1855 2583 atque

1036 2593 1249 2641 miranda,
1275 2595 1318 2632 et
1344 2591 1494 2641 opera,
1523 2593 1567 2628 et
1585 2585 1720 2628 verba
1743 2588 1856 2625 sunt:

1039 2652 1184 2701 opera,
1205 2646 1304 2698 quia
1322 2645 1436 2685 facta
1455 2647 1570 2684 sunt:
1591 2640 1736 2689 verba,
1756 2639 1855 2690 quia
