2028 2892
166 195 214 230 86
734 195 843 229 Fcria
867 200 975 228 sextu
1001 192 1047 226 ad
1074 190 1309 225 Matutinum.

222 291 394 332 Etenim
413 290 552 331 Assur
576 288 694 330 venit
720 301 818 329 cum
843 287 943 328 illis:
967 287 991 312 *

171 347 273 388 facti
297 351 397 387 sunt
421 346 464 386 in
490 345 752 396 adjutorium
777 343 878 384 filiis
896 343 991 383 Lot.

222 403 310 444 Fac
343 402 427 443 illis
456 402 569 443 sicut
595 400 783 449 Madian,
812 405 856 441 et
880 399 991 440 Sisa-

171 472 246 500 rae:
261 461 285 486 *
295 458 407 500 sicut
419 458 443 499 J
445 458 547 500 abin
561 458 605 499 in
619 458 814 499 torrente
826 456 992 497 Cisson.

221 515 528 567 Disperiorunt
562 515 605 556 in
641 513 808 555 Endor:
838 515 862 540 *
890 512 992 553 facti

171 577 271 613 sunt
298 577 346 613 ut
374 577 543 613 stercus
571 576 713 612 terrae.

223 628 343 669 Pone
351 628 572 680 principes
582 630 733 668 eorum
743 627 855 668 sicut
863 624 992 674 Oreb,

172 690 215 726 et
243 684 347 733 Zeb,
374 686 398 711 *
427 690 469 726 et
497 683 643 725 Zebee
671 688 715 725 et
742 682 959 723 Salmana:

224 741 386 782 Omnes
419 741 639 793 principes
673 742 839 782 eorum:
866 740 890 766 *
919 738 993 790 qui

173 797 390 839 dixerunt:
405 796 677 838 Haereditate
690 795 994 849 possideamus

172 853 475 895 Sanctuarium
503 853 597 895 Dei.
886 892 889 897 ,

224 910 344 951 Deus
358 923 480 951 meus
497 922 612 962 pone
627 910 726 951 illos
741 915 788 951 ut
804 913 961 950 rotam:
971 909 995 935 *

175 971 218 1007 et
233 966 345 1008 sicut
361 966 566 1018 stipulam
581 972 680 1008 ante
696 966 851 1007 faciem
865 965 995 1006 venti.

225 1022 345 1063 Sicut
381 1022 509 1073 ignis,
555 1024 629 1075 qui
671 1022 890 1064 comburit
926 1021 994 1063 sil-

175 1092 286 1120 vam:
306 1081 329 1106 *
347 1083 390 1120 et
408 1079 520 1120 sicut
540 1080 715 1120 flamma
734 1079 996 1121 comburens

174 1140 360 1176 montes:

227 1192 293 1233 Ita
306 1193 584 1244 persequeris
596 1192 695 1234 illos
710 1192 753 1233 in
764 1194 996 1245 tempesta-

176 1253 220 1289 te
239 1253 329 1289 tua:
344 1250 367 1275 *
383 1253 426 1289 et
445 1248 490 1288 in
508 1249 572 1289 ira
593 1254 668 1290 tua
689 1248 889 1290 turbabis
909 1260 997 1290 eos.

227 1304 367 1357 Imple
384 1304 516 1346 facies
537 1307 688 1346 eorum
708 1305 959 1357 ignominia:
974 1306 997 1331 *

177 1365 220 1402 et
244 1365 442 1412 quaerent
465 1374 624 1403 nomen
651 1366 774 1403 tuum
797 1362 997 1402 Domine.

227 1416 509 1467 Erubescant,
538 1423 582 1459 et
610 1418 925 1460 conturbentur
954 1418 997 1458 in

177 1473 385 1514 saeculum
412 1474 578 1515 saeculi:
605 1476 629 1502 *
657 1479 701 1517 et
733 1474 997 1516 confundan-

176 1534 258 1578 tur,
286 1535 329 1571 et
357 1532 548 1582 pereant.

228 1586 284 1627 Et
312 1589 579 1637 cognoscant
606 1587 707 1638 quia
734 1599 893 1628 nomen
916 1586 998 1628 tibi

178 1642 407 1684 Dominus:
425 1645 449 1670 *
469 1649 517 1685 tu
538 1644 658 1685 solus
683 1643 933 1684 Altissimus
954 1643 997 1684 in

180 1699 298 1739 omni
325 1704 452 1741 terra.

445 1779 640 1819 l'salmus
669 1780 731 1819 83.

265 1860 365 1888 uam
408 1846 567 1888 dilecta
608 1846 890 1889 tabernacula
925 1852 1000 1890 tua

282 1904 470 1945 Domine
497 1903 725 1945 virtutum:
750 1905 774 1931 *
798 1907 1000 1957 concupi-

181 1960 275 2010 scit,
299 1965 342 2001 et
369 1959 516 2001 deficit
538 1960 680 2001 anima
700 1973 798 2002 mea
821 1961 865 2001 in
891 1962 1001 2003 atria

182 2016 369 2057 Domini.

234 2076 321 2118 Cor
339 2089 494 2126 meum,
514 2081 557 2118 et
575 2089 677 2118 caro
699 2090 796 2118 mea
814 2079 838 2104 *
862 2079 1001 2119 exsul-

181 2134 383 2175 taverunt
410 2133 454 2174 in
482 2133 624 2174 Deum
651 2133 808 2175 vivum.

234 2193 407 2235 Etenim
434 2206 586 2247 passer
618 2194 782 2235 invenit
813 2194 896 2236 sibi
929 2194 1003 2236 do-

183 2262 316 2291 mum:
341 2252 364 2277 *
388 2255 431 2292 et
458 2255 602 2292 turtur
630 2249 779 2291 nidum
807 2251 902 2301 sibi,
930 2251 1004 2293 ubi

184 2311 319 2358 ponat
345 2306 490 2359 pullos
517 2319 631 2348 suos.

237 2366 406 2408 Altaria
429 2372 505 2409 tua
522 2367 711 2409 Domine
735 2368 960 2410 virtutum:
982 2371 1005 2396 *

186 2421 282 2463 Rex
308 2435 440 2474 meus,
469 2429 512 2466 et
539 2424 660 2466 Deus
689 2437 822 2465 meus.

238 2482 373 2533 Beati,
398 2485 471 2535 qui
496 2485 696 2527 habitant
716 2485 758 2525 in
779 2484 912 2526 domo
931 2490 1006 2526 tua

186 2539 387 2580 Domine:
420 2542 442 2567 *
475 2541 518 2582 in
554 2541 714 2583 saecula
747 2541 1006 2583 saeculorum

186 2595 425 2638 laudabunt
452 2602 506 2638 te.

239 2656 400 2698 Beatus
433 2658 513 2709 vir,
548 2660 668 2710 cujus
701 2664 768 2701 est
801 2659 1007 2700 auxilium

188 2712 266 2754 abs
285 2718 345 2755 te:
369 2715 392 2739 *
411 2715 689 2757 ascensiones
709 2716 752 2756 in
775 2715 910 2757 corde
930 2728 1008 2756 suo

1045 283 1278 336 disposuit,
1306 283 1350 324 in
1378 282 1492 324 valle
1519 281 1799 323 lacrimarum
1827 278 1871 320 in

1043 341 1142 382 loco
1173 353 1303 392 quem
1330 339 1490 392 posuit.

1095 396 1271 438 Etenim
1295 394 1651 438 benedictionem
1672 391 1797 434 dabit
1814 391 1872 434 le-

1044 453 1245 505 gislator,
1280 453 1407 495 ibunt
1443 451 1499 494 de
1526 450 1689 492 virtute
1717 449 1763 490 in
1789 449 1873 491 vir-

1045 514 1203 552 tutem:
1230 512 1254 538 *
1282 509 1503 551 videbitur
1529 508 1652 549 Deus
1688 505 1873 548 deorum

1045 567 1088 608 in
1116 567 1231 608 Sion.

1097 623 1286 664 Domine
1313 623 1438 663 Deus
1467 621 1679 662 virtutum
1714 618 1874 661 exaudi

1046 680 1291 722 orationem
1324 692 1484 720 meam:
1511 679 1535 705 *
1563 676 1742 719 auribus
1779 677 1874 729 per-

1047 737 1145 790 cipe
1172 737 1294 778 Deus
1321 735 1472 777 Jacob.

1096 794 1330 835 Protector
1355 797 1505 834 noster
1529 790 1679 843 aspice
1697 790 1834 832 Deus:
1850 790 1875 818 *

1048 856 1091 892 et
1114 850 1285 903 respice
1313 850 1357 890 in
1385 848 1542 890 faciem
1570 847 1734 888 Christi
1760 847 1841 888 tui:

1099 907 1211 957 Quia
1226 906 1379 947 melior
1396 910 1463 947 est
1478 904 1573 947 dies
1587 917 1676 945 una
1690 904 1736 946 in
1750 903 1876 946 atriis

1048 964 1145 1013 tuis,
1174 965 1198 990 *
1225 976 1358 1016 super
1383 962 1530 1009 millia.

1098 1020 1223 1071 Elegi
1243 1019 1440 1072 abjectus
1460 1031 1557 1060 esse
1576 1018 1622 1059 in
1640 1017 1774 1060 domo
1791 1017 1877 1059 Dei

1048 1077 1152 1118 mei:
1189 1078 1213 1104 *
1248 1077 1388 1127 magis
1425 1088 1557 1128 quam
1592 1074 1793 1117 habitare
1832 1073 1877 1115 in

1049 1133 1343 1176 tabernaculis
1371 1134 1668 1186 peccatorum.

1102 1191 1213 1241 Quia
1244 1190 1608 1239 misericordiam,
1642 1193 1686 1230 et
1721 1187 1878 1230 verita-

1049 1252 1139 1289 tem
1158 1247 1300 1298 diligit
1318 1247 1455 1288 Deus:
1474 1248 1498 1275 *
1519 1245 1705 1299 gratiam
1724 1249 1769 1287 et
1787 1244 1878 1296 glo-

1050 1304 1159 1345 riam
1189 1303 1312 1346 dabit
1340 1304 1567 1345 Dominus.

1100 1361 1203 1402 Non
1220 1360 1414 1414 privabit
1436 1360 1564 1402 bonis
1584 1371 1673 1409 eos,
1698 1357 1774 1410 qui
1791 1359 1878 1399 iun·

1050 1417 1203 1459 bulant
1239 1417 1284 1458 in
1319 1417 1589 1459 innocentia:
1629 1418 1654 1444 ¹⁸¹
1688 1413 1879 1456 Domine

1050 1474 1273 1524 virtutum,
1291 1473 1448 1518 beatus
1467 1474 1613 1525 homo,
1635 1471 1710 1525 qui
1729 1475 1880 1525 sperat

1050 1531 1094 1571 in
1121 1535 1176 1573 te.

1102 1589 1200 1629 Ant.
1229 1588 1298 1628 Tu
1326 1587 1448 1628 solus
1465 1586 1720 1629 Altissimus
1747 1596 1880 1638 super

1052 1656 1226 1685 omnem
1254 1648 1428 1686 terram.

1103 1702 1201 1742 Ant.
1234 1700 1517 1742 Benedixisti.

1319 1758 1518 1798 Psalmus
1547 1758 1613 1797 84.
1762 1806 1765 1808 ,

1053 1812 1881 1917 BenedixistiDomineterramtuam:

1156 1872 1180 1898 *
1201 1870 1399 1912 avertisti
1415 1870 1721 1923 captivitatem
1733 1868 1882 1911 Jacob.

1094 1927 1321 1970 Remisisti
1336 1927 1614 1980 iniquitatem
1623 1925 1768 1980 plebis
1779 1930 1882 1968 tuae:

1054 1984 1077 2010 *
1101 1985 1315 2036 operuisti
1341 1984 1487 2026 omnia
1510 1986 1695 2037 peccata
1719 1985 1883 2025 eorum.

1105 2040 1317 2092 Mitigasti
1351 2053 1528 2082 omnem
1554 2040 1665 2082 iram
1691 2044 1831 2082 tuam:
1859 2041 1884 2067 *

1055 2098 1253 2138 avertisti
1277 2097 1332 2138 ab
1356 2097 1422 2139 ira
1445 2097 1761 2149 indignationis
1784 2100 1884 2138 tuae.

1112 2153 1329 2195 Conve'rte
1378 2166 1459 2195 nos
1508 2154 1630 2196 Deus
1679 2152 1884 2196 salutaris

1056 2215 1219 2251 noster:
1251 2212 1275 2238 *
1307 2215 1351 2252 et
1383 2211 1534 2253 averte
1563 2211 1674 2252 iram
1705 2215 1827 2252 tuam
1859 2222 1884 2250 a

1055 2266 1194 2308 nobis.

1107 2322 1334 2374 Numquid
1367 2323 1411 2363 in
1440 2324 1654 2365 aetornum
1680 2322 1885 2365 irasceris

1057 2378 1211 2421 nobis?
1234 2380 1258 2406 *
1282 2384 1358 2421 aut
1386 2379 1598 2421 extendes
1626 2380 1737 2421 iram
1764 2385 1886 2421 tuam

1058 2448 1082 2477 a
1110 2436 1392 2487 generatione
1420 2436 1464 2477 in
1491 2435 1843 2488 generationem?

1108 2492 1230 2533 Deus
1270 2496 1319 2532 tu
1362 2494 1601 2534 conversus
1642 2492 1887 2534 vivificabis

1060 2561 1156 2589 nos:
1175 2550 1199 2575 *
1220 2552 1263 2589 et
1282 2547 1409 2600 plebs
1430 2553 1506 2590 tua
1524 2548 1749 2591 laetabitur
1768 2549 1813 2590 in
1832 2554 1888 2590 te.

1111 2604 1301 2646 Ostonde
1334 2604 1464 2646 nobis
1498 2606 1687 2648 Domine
1723 2605 1887 2647 miseri-

1061 2661 1258 2758 cczlordiam
1281 2666 1420 2702 tuam:
1438 2663 1461 2688 *
1482 2666 1526 2703 et
1550 2662 1741 2704 salutare
1765 2667 1889 2704 tuum

1093 2730 1118 2758 a
1147 2717 1284 2759 nobis.
