<?xml version="1.0" encoding="UTF-8"?>
<!DOCTYPE html PUBLIC "-//W3C//DTD XHTML 1.0 Transitional//EN"
    "http://www.w3.org/TR/xhtml1/DTD/xhtml1-transitional.dtd">
<html xmlns="http://www.w3.org/1999/xhtml" xml:lang="en" lang="en">
 <head>
  <title>
</title>
<meta http-equiv="Content-Type" content="text/html;charset=utf-8" />
  <meta name='ocr-system' content='tesseract 3.04.00' />
  <meta name='ocr-capabilities' content='ocr_page ocr_carea ocr_par ocr_line ocrx_word'/>
</head>
<body>
  <div class='ocr_page' id='page_1' title='image "./p2breviariumroma00cathuoft_0362.png"; bbox 0 0 2028 2892; ppageno 0'>
   <div class='ocr_carea' id='block_1_1' title="bbox 177 191 243 226">
    <p class='ocr_par' dir='ltr' id='par_1_1' title="bbox 177 191 243 226">
     <span class='ocr_line' id='line_1_1' title="bbox 177 191 243 226; baseline 0 0"><span class='ocrx_word' id='word_1_1' title='bbox 177 191 243 226; x_wconf 77' lang='lat'>334</span> 
     </span>
    </p>
   </div>
   <div class='ocr_carea' id='block_1_2' title="bbox 177 285 999 335">
    <p class='ocr_par' dir='ltr' id='par_1_2' title="bbox 177 285 999 335">
     <span class='ocr_line' id='line_1_2' title="bbox 177 285 999 335; baseline -0.004 -7"><span class='ocrx_word' id='word_1_2' title='bbox 177 289 359 334; x_wconf 78' lang='lat' dir='ltr'>manere,</span> <span class='ocrx_word' id='word_1_3' title='bbox 380 286 522 335; x_wconf 90' lang='lat' dir='ltr'>debet,</span> <span class='ocrx_word' id='word_1_4' title='bbox 541 287 652 330; x_wconf 93' lang='lat' dir='ltr'>sicut</span> <span class='ocrx_word' id='word_1_5' title='bbox 665 287 736 328; x_wconf 91' lang='lat' dir='ltr'>ille</span> <span class='ocrx_word' id='word_1_6' title='bbox 752 285 999 333; x_wconf 86' lang='lat' dir='ltr'>ambulavit,</span> 
     </span>
    </p>
   </div>
   <div class='ocr_carea' id='block_1_3' title="bbox 177 342 848 453">
    <p class='ocr_par' dir='ltr' id='par_1_3' title="bbox 177 342 848 453">
     <span class='ocr_line' id='line_1_3' title="bbox 177 342 588 396; baseline 0 -12"><span class='ocrx_word' id='word_1_7' title='bbox 177 350 220 385; x_wconf 89' lang='lat' dir='ltr'>et</span> <span class='ocrx_word' id='word_1_8' title='bbox 237 344 332 396; x_wconf 88' lang='lat' dir='ltr'>ipse</span> <span class='ocrx_word' id='word_1_9' title='bbox 354 342 588 385; x_wconf 89' lang='lat' dir='ltr'>ambulare.</span> 
     </span>
     <span class='ocr_line' id='line_1_4' title="bbox 235 399 848 453; baseline -0.003 -11"><span class='ocrx_word' id='word_1_10' title='bbox 235 406 278 453; x_wconf 50' lang='lat' dir='ltr'>R„</span> <span class='ocrx_word' id='word_1_11' title='bbox 303 399 508 441; x_wconf 83' lang='lat' dir='ltr'>Exaltare</span> <span class='ocrx_word' id='word_1_12' title='bbox 528 400 725 441; x_wconf 85' lang='lat' dir='ltr'>Domine.</span> <span class='ocrx_word' id='word_1_13' title='bbox 750 400 848 440; x_wconf 87' lang='grc'><strong>320.</strong></span> 
     </span>
    </p>
   </div>
   <div class='ocr_carea' id='block_1_4' title="bbox 164 481 996 2757">
    <p class='ocr_par' dir='ltr' id='par_1_4' title="bbox 401 481 775 519">
     <span class='ocr_line' id='line_1_5' title="bbox 401 481 775 519; baseline 0 0"><span class='ocrx_word' id='word_1_14' title='bbox 401 482 446 519; x_wconf 93' lang='lat' dir='ltr'>In</span> <span class='ocrx_word' id='word_1_15' title='bbox 477 481 525 519; x_wconf 94' lang='lat' dir='ltr'>II.</span> <span class='ocrx_word' id='word_1_16' title='bbox 556 481 775 519; x_wconf 80' lang='lat' dir='ltr'>Nocturno.</span> 
     </span>
    </p>

    <p class='ocr_par' dir='ltr' id='par_1_5' title="bbox 176 541 996 704">
     <span class='ocr_line' id='line_1_6' title="bbox 176 541 996 595; baseline -0.002 -11"><span class='ocrx_word' id='word_1_17' title='bbox 176 549 325 584; x_wconf 49' lang='lat' dir='ltr'>Sermo</span> <span class='ocrx_word' id='word_1_18' title='bbox 354 543 492 584; x_wconf 91' lang='lat' dir='ltr'>sancti</span> <span class='ocrx_word' id='word_1_19' title='bbox 519 543 750 594; x_wconf 80' lang='lat' dir='ltr'>Augustini</span> <span class='ocrx_word' id='word_1_20' title='bbox 777 541 996 595; x_wconf 81' lang='lat' dir='ltr'>Episcopi.</span> 
     </span>
     <span class='ocr_line' id='line_1_7' title="bbox 203 614 970 655; baseline -0.004 -8"><span class='ocrx_word' id='word_1_21' title='bbox 203 623 333 647; x_wconf 46' lang='lat' dir='ltr'>&gt;crum</span> <span class='ocrx_word' id='word_1_22' title='bbox 354 618 382 647; x_wconf 68' lang='lat'>2.</span> <span class='ocrx_word' id='word_1_23' title='bbox 404 615 448 647; x_wconf 73' lang='lat' dir='ltr'>dc</span> <span class='ocrx_word' id='word_1_24' title='bbox 471 615 706 647; x_wconf 45' lang='lat' dir='ltr'>Ast-misione</span> <span class='ocrx_word' id='word_1_25' title='bbox 731 614 881 646; x_wconf 75' lang='lat' dir='ltr'>l)‹›mini</span> <span class='ocrx_word' id='word_1_26' title='bbox 909 614 970 655; x_wconf 61' lang='lat' dir='ltr'>qui</span> 
     </span>
     <span class='ocr_line' id='line_1_8' title="bbox 372 662 802 704; baseline 0 -10"><span class='ocrx_word' id='word_1_27' title='bbox 372 672 424 695; x_wconf 52' lang='lat' dir='ltr'>cxl</span> <span class='ocrx_word' id='word_1_28' title='bbox 454 663 518 695; x_wconf 63' lang='lat'>173.</span> <span class='ocrx_word' id='word_1_29' title='bbox 540 663 582 695; x_wconf 58' lang='lat' dir='ltr'>kl(</span> <span class='ocrx_word' id='word_1_30' title='bbox 604 662 802 704; x_wconf 42' lang='lat' dir='ltr'>‘lx-mmmm.</span> 
     </span>
    </p>

    <p class='ocr_par' dir='ltr' id='par_1_6' title="bbox 164 719 996 1955">
     <span class='ocr_line' id='line_1_9' title="bbox 478 719 697 759; baseline 0.005 -2"><span class='ocrx_word' id='word_1_31' title='bbox 478 719 625 759; x_wconf 68' lang='lat' dir='ltr'>Lectio</span> <span class='ocrx_word' id='word_1_32' title='bbox 649 719 697 757; x_wconf 64' lang='lat' dir='ltr'>ix&#39;.</span> 
     </span>
     <span class='ocr_line' id='line_1_10' title="bbox 178 779 996 844; baseline -0.002 -23"><span class='ocrx_word' id='word_1_33' title='bbox 178 780 444 844; x_wconf 46' lang='lat' dir='ltr'>stalvator</span> <span class='ocrx_word' id='word_1_34' title='bbox 459 786 618 829; x_wconf 89' lang='lat' dir='ltr'>noster,</span> <span class='ocrx_word' id='word_1_35' title='bbox 634 779 903 822; x_wconf 84' lang='lat' dir='ltr'>dilectissimi</span> <span class='ocrx_word' id='word_1_36' title='bbox 917 779 996 820; x_wconf 88' lang='lat' dir='ltr'>fra—</span> 
     </span>
     <span class='ocr_line' id='line_1_11' title="bbox 178 835 996 889; baseline -0.001 -11"><span class='ocrx_word' id='word_1_37' title='bbox 178 836 183 845; x_wconf 80' lang='grc'>“’</span> <span class='ocrx_word' id='word_1_38' title='bbox 205 838 268 889; x_wconf 98' lang='lat'>3</span> <span class='ocrx_word' id='word_1_39' title='bbox 298 842 398 886; x_wconf 88' lang='lat' dir='ltr'>tres,</span> <span class='ocrx_word' id='word_1_40' title='bbox 427 835 621 878; x_wconf 91' lang='lat' dir='ltr'>ascendit</span> <span class='ocrx_word' id='word_1_41' title='bbox 644 836 686 876; x_wconf 92' lang='lat' dir='ltr'>in</span> <span class='ocrx_word' id='word_1_42' title='bbox 713 836 885 877; x_wconf 84' lang='lat' dir='ltr'>coelum:</span> <span class='ocrx_word' id='word_1_43' title='bbox 909 848 996 877; x_wconf 92' lang='lat' dir='ltr'>non</span> 
     </span>
     <span class='ocr_line' id='line_1_12' title="bbox 183 874 995 944; baseline -0.001 -10"><span class='ocrx_word' id='word_1_44' title='bbox 183 874 269 920; x_wconf 34' lang='lat' dir='ltr'>*vj</span> <span class='ocrx_word' id='word_1_45' title='bbox 300 906 404 944; x_wconf 89' lang='lat' dir='ltr'>ergo</span> <span class='ocrx_word' id='word_1_46' title='bbox 432 892 655 934; x_wconf 90' lang='lat' dir='ltr'>turbemur</span> <span class='ocrx_word' id='word_1_47' title='bbox 683 893 725 933; x_wconf 92' lang='lat' dir='ltr'>in</span> <span class='ocrx_word' id='word_1_48' title='bbox 753 898 879 934; x_wconf 87' lang='lat' dir='ltr'>terra.</span> <span class='ocrx_word' id='word_1_49' title='bbox 929 891 995 933; x_wconf 93' lang='lat' dir='ltr'>Ibi</span> 
     </span>
     <span class='ocr_line' id='line_1_13' title="bbox 169 949 995 1000; baseline -0.001 -10"><span class='ocrx_word' id='word_1_50' title='bbox 169 949 225 991; x_wconf 91' lang='lat' dir='ltr'>sit</span> <span class='ocrx_word' id='word_1_51' title='bbox 238 962 371 998; x_wconf 89' lang='lat' dir='ltr'>mens,</span> <span class='ocrx_word' id='word_1_52' title='bbox 387 955 429 991; x_wconf 87' lang='lat' dir='ltr'>et</span> <span class='ocrx_word' id='word_1_53' title='bbox 444 949 514 990; x_wconf 94' lang='lat' dir='ltr'>hic</span> <span class='ocrx_word' id='word_1_54' title='bbox 529 949 609 991; x_wconf 90' lang='lat' dir='ltr'>erit</span> <span class='ocrx_word' id='word_1_55' title='bbox 624 949 807 1000; x_wconf 87' lang='lat' dir='ltr'>requies.</span> <span class='ocrx_word' id='word_1_56' title='bbox 833 949 995 990; x_wconf 88' lang='lat' dir='ltr'>Ascen-</span> 
     </span>
     <span class='ocr_line' id='line_1_14' title="bbox 169 1004 995 1047; baseline -0.002 0"><span class='ocrx_word' id='word_1_57' title='bbox 169 1004 323 1047; x_wconf 84' lang='lat' dir='ltr'>damus</span> <span class='ocrx_word' id='word_1_58' title='bbox 344 1019 442 1047; x_wconf 93' lang='lat' dir='ltr'>cum</span> <span class='ocrx_word' id='word_1_59' title='bbox 461 1004 632 1047; x_wconf 91' lang='lat' dir='ltr'>Christo</span> <span class='ocrx_word' id='word_1_60' title='bbox 657 1005 827 1046; x_wconf 84' lang='lat' dir='ltr'>interim</span> <span class='ocrx_word' id='word_1_61' title='bbox 847 1004 995 1047; x_wconf 90' lang='lat' dir='ltr'>corde:</span> 
     </span>
     <span class='ocr_line' id='line_1_15' title="bbox 168 1060 995 1114; baseline -0.001 -11"><span class='ocrx_word' id='word_1_62' title='bbox 168 1075 266 1103; x_wconf 92' lang='lat' dir='ltr'>cum</span> <span class='ocrx_word' id='word_1_63' title='bbox 285 1061 378 1103; x_wconf 91' lang='lat' dir='ltr'>dies</span> <span class='ocrx_word' id='word_1_64' title='bbox 398 1062 488 1113; x_wconf 89' lang='lat' dir='ltr'>ejus</span> <span class='ocrx_word' id='word_1_65' title='bbox 504 1063 745 1114; x_wconf 90' lang='lat' dir='ltr'>promissus</span> <span class='ocrx_word' id='word_1_66' title='bbox 760 1060 995 1112; x_wconf 85' lang='lat' dir='ltr'>advenerit,</span> 
     </span>
     <span class='ocr_line' id='line_1_16' title="bbox 168 1117 995 1170; baseline 0 -12"><span class='ocrx_word' id='word_1_67' title='bbox 168 1119 399 1169; x_wconf 89' lang='lat' dir='ltr'>sequemur</span> <span class='ocrx_word' id='word_1_68' title='bbox 419 1123 462 1159; x_wconf 90' lang='lat' dir='ltr'>et</span> <span class='ocrx_word' id='word_1_69' title='bbox 482 1120 678 1170; x_wconf 89' lang='lat' dir='ltr'>corpore.</span> <span class='ocrx_word' id='word_1_70' title='bbox 712 1117 830 1159; x_wconf 91' lang='lat' dir='ltr'>Scire</span> <span class='ocrx_word' id='word_1_71' title='bbox 849 1123 995 1159; x_wconf 89' lang='lat' dir='ltr'>tamen</span> 
     </span>
     <span class='ocr_line' id='line_1_17' title="bbox 168 1172 993 1225; baseline 0.001 -11"><span class='ocrx_word' id='word_1_72' title='bbox 168 1172 388 1223; x_wconf 90' lang='lat' dir='ltr'>debemus,</span> <span class='ocrx_word' id='word_1_73' title='bbox 404 1173 569 1223; x_wconf 88' lang='lat' dir='ltr'>fratres,</span> <span class='ocrx_word' id='word_1_74' title='bbox 588 1174 688 1225; x_wconf 88' lang='lat' dir='ltr'>quia</span> <span class='ocrx_word' id='word_1_75' title='bbox 707 1187 805 1215; x_wconf 92' lang='lat' dir='ltr'>cum</span> <span class='ocrx_word' id='word_1_76' title='bbox 821 1173 993 1216; x_wconf 86' lang='lat' dir='ltr'>Christo</span> 
     </span>
     <span class='ocr_line' id='line_1_18' title="bbox 167 1229 993 1282; baseline 0.001 -12"><span class='ocrx_word' id='word_1_77' title='bbox 167 1242 254 1271; x_wconf 92' lang='lat' dir='ltr'>non</span> <span class='ocrx_word' id='word_1_78' title='bbox 268 1229 463 1271; x_wconf 88' lang='lat' dir='ltr'>ascendit</span> <span class='ocrx_word' id='word_1_79' title='bbox 478 1229 692 1282; x_wconf 90' lang='lat' dir='ltr'>superbia,</span> <span class='ocrx_word' id='word_1_80' title='bbox 703 1242 789 1271; x_wconf 91' lang='lat' dir='ltr'>non</span> <span class='ocrx_word' id='word_1_81' title='bbox 803 1230 993 1279; x_wconf 88' lang='lat' dir='ltr'>avaritia,</span> 
     </span>
     <span class='ocr_line' id='line_1_19' title="bbox 167 1285 994 1328; baseline 0.001 -2"><span class='ocrx_word' id='word_1_82' title='bbox 167 1299 253 1327; x_wconf 91' lang='lat' dir='ltr'>non</span> <span class='ocrx_word' id='word_1_83' title='bbox 263 1286 446 1327; x_wconf 78' lang='lat' dir='ltr'>luxuria:</span> <span class='ocrx_word' id='word_1_84' title='bbox 461 1285 625 1327; x_wconf 92' lang='lat' dir='ltr'>nullum</span> <span class='ocrx_word' id='word_1_85' title='bbox 635 1286 786 1327; x_wconf 87' lang='lat' dir='ltr'>vitium</span> <span class='ocrx_word' id='word_1_86' title='bbox 797 1291 994 1328; x_wconf 92' lang='lat' dir='ltr'>nostrum</span> 
     </span>
     <span class='ocr_line' id='line_1_20' title="bbox 167 1341 994 1384; baseline 0.001 -1"><span class='ocrx_word' id='word_1_87' title='bbox 167 1341 362 1383; x_wconf 90' lang='lat' dir='ltr'>ascendit</span> <span class='ocrx_word' id='word_1_88' title='bbox 396 1355 494 1383; x_wconf 93' lang='lat' dir='ltr'>cum</span> <span class='ocrx_word' id='word_1_89' title='bbox 525 1341 696 1384; x_wconf 92' lang='lat' dir='ltr'>medico</span> <span class='ocrx_word' id='word_1_90' title='bbox 729 1347 892 1384; x_wconf 89' lang='lat' dir='ltr'>nostro.</span> <span class='ocrx_word' id='word_1_91' title='bbox 938 1343 994 1384; x_wconf 92' lang='lat' dir='ltr'>Et</span> 
     </span>
     <span class='ocr_line' id='line_1_21' title="bbox 166 1396 993 1451; baseline 0.002 -13"><span class='ocrx_word' id='word_1_92' title='bbox 166 1396 266 1439; x_wconf 90' lang='lat' dir='ltr'>ideo</span> <span class='ocrx_word' id='word_1_93' title='bbox 287 1398 323 1438; x_wconf 92' lang='lat' dir='ltr'>si</span> <span class='ocrx_word' id='word_1_94' title='bbox 341 1404 444 1451; x_wconf 90' lang='lat' dir='ltr'>post</span> <span class='ocrx_word' id='word_1_95' title='bbox 461 1397 678 1440; x_wconf 91' lang='lat' dir='ltr'>medicum</span> <span class='ocrx_word' id='word_1_96' title='bbox 694 1397 993 1440; x_wconf 68' lang='lat' dir='ltr'>desideramus</span> 
     </span>
     <span class='ocr_line' id='line_1_22' title="bbox 166 1453 992 1508; baseline 0.002 -13"><span class='ocrx_word' id='word_1_97' title='bbox 166 1453 417 1504; x_wconf 86' lang='lat' dir='ltr'>ascendere,</span> <span class='ocrx_word' id='word_1_98' title='bbox 455 1454 664 1497; x_wconf 79' lang='lat' dir='ltr'>debemus</span> <span class='ocrx_word' id='word_1_99' title='bbox 692 1455 795 1496; x_wconf 90' lang='lat' dir='ltr'>vitia</span> <span class='ocrx_word' id='word_1_100' title='bbox 823 1459 866 1496; x_wconf 90' lang='lat' dir='ltr'>et</span> <span class='ocrx_word' id='word_1_101' title='bbox 893 1468 992 1508; x_wconf 90' lang='lat' dir='ltr'>pec-</span> 
     </span>
     <span class='ocr_line' id='line_1_23' title="bbox 166 1510 993 1564; baseline 0 -12"><span class='ocrx_word' id='word_1_102' title='bbox 166 1513 263 1552; x_wconf 85' lang='lat' dir='ltr'>cata</span> <span class='ocrx_word' id='word_1_103' title='bbox 284 1510 516 1564; x_wconf 87' lang='lat' dir='ltr'>deponere.</span> <span class='ocrx_word' id='word_1_104' title='bbox 554 1511 716 1553; x_wconf 91' lang='lat' dir='ltr'>Omnes</span> <span class='ocrx_word' id='word_1_105' title='bbox 736 1512 849 1552; x_wconf 87' lang='lat' dir='ltr'>enim</span> <span class='ocrx_word' id='word_1_106' title='bbox 869 1512 993 1563; x_wconf 87' lang='lat' dir='ltr'>quasi</span> 
     </span>
     <span class='ocr_line' id='line_1_24' title="bbox 166 1566 992 1621; baseline 0.002 -14"><span class='ocrx_word' id='word_1_107' title='bbox 166 1566 428 1618; x_wconf 82' lang='lat' dir='ltr'>quibusdam</span> <span class='ocrx_word' id='word_1_108' title='bbox 462 1567 748 1621; x_wconf 82' lang='lat' dir='ltr'>compedibus</span> <span class='ocrx_word' id='word_1_109' title='bbox 780 1580 861 1609; x_wconf 92' lang='lat' dir='ltr'>nos</span> <span class='ocrx_word' id='word_1_110' title='bbox 898 1581 992 1620; x_wconf 90' lang='lat' dir='ltr'>pre-</span> 
     </span>
     <span class='ocr_line' id='line_1_25' title="bbox 165 1623 991 1676; baseline 0.002 -13"><span class='ocrx_word' id='word_1_111' title='bbox 165 1629 301 1672; x_wconf 88' lang='lat' dir='ltr'>munt,</span> <span class='ocrx_word' id='word_1_112' title='bbox 334 1628 377 1665; x_wconf 91' lang='lat' dir='ltr'>et</span> <span class='ocrx_word' id='word_1_113' title='bbox 410 1626 693 1676; x_wconf 89' lang='lat' dir='ltr'>peccatorum</span> <span class='ocrx_word' id='word_1_114' title='bbox 719 1636 800 1665; x_wconf 92' lang='lat' dir='ltr'>nos</span> <span class='ocrx_word' id='word_1_115' title='bbox 827 1623 991 1666; x_wconf 89' lang='lat' dir='ltr'>retibus</span> 
     </span>
     <span class='ocr_line' id='line_1_26' title="bbox 164 1677 991 1729; baseline 0.002 -11"><span class='ocrx_word' id='word_1_116' title='bbox 164 1677 299 1729; x_wconf 87' lang='lat' dir='ltr'>ligare</span> <span class='ocrx_word' id='word_1_117' title='bbox 316 1678 598 1721; x_wconf 88' lang='lat' dir='ltr'>contendunt:</span> <span class='ocrx_word' id='word_1_118' title='bbox 618 1685 661 1721; x_wconf 90' lang='lat' dir='ltr'>et</span> <span class='ocrx_word' id='word_1_119' title='bbox 679 1678 779 1721; x_wconf 88' lang='lat' dir='ltr'>ideo</span> <span class='ocrx_word' id='word_1_120' title='bbox 797 1692 895 1721; x_wconf 90' lang='lat' dir='ltr'>cum</span> <span class='ocrx_word' id='word_1_121' title='bbox 909 1679 991 1721; x_wconf 92' lang='lat' dir='ltr'>Dei</span> 
     </span>
     <span class='ocr_line' id='line_1_27' title="bbox 165 1733 991 1787; baseline 0.002 -12"><span class='ocrx_word' id='word_1_122' title='bbox 165 1733 391 1786; x_wconf 87' lang='lat' dir='ltr'>adjutorio,</span> <span class='ocrx_word' id='word_1_123' title='bbox 412 1735 651 1777; x_wconf 83' lang='lat' dir='ltr'>secundum</span> <span class='ocrx_word' id='word_1_124' title='bbox 667 1734 787 1787; x_wconf 92' lang='lat' dir='ltr'>quod</span> <span class='ocrx_word' id='word_1_125' title='bbox 802 1736 861 1777; x_wconf 90' lang='lat' dir='ltr'>ait</span> <span class='ocrx_word' id='word_1_126' title='bbox 874 1735 991 1777; x_wconf 92' lang='lat' dir='ltr'>Psal-</span> 
     </span>
     <span class='ocr_line' id='line_1_28' title="bbox 164 1791 991 1844; baseline 0.001 -14"><span class='ocrx_word' id='word_1_127' title='bbox 164 1792 306 1832; x_wconf 90' lang='lat' dir='ltr'>mista:</span> <span class='ocrx_word' id='word_1_128' title='bbox 322 1791 633 1844; x_wconf 89' lang='lat' dir='ltr'>Dirumpamus</span> <span class='ocrx_word' id='word_1_129' title='bbox 644 1791 815 1832; x_wconf 89' lang='lat' dir='ltr'>vincula</span> <span class='ocrx_word' id='word_1_130' title='bbox 826 1794 991 1833; x_wconf 89' lang='lat' dir='ltr'>eorum:</span> 
     </span>
     <span class='ocr_line' id='line_1_29' title="bbox 165 1846 991 1900; baseline 0 -13"><span class='ocrx_word' id='word_1_131' title='bbox 165 1851 212 1887; x_wconf 91' lang='lat' dir='ltr'>ut</span> <span class='ocrx_word' id='word_1_132' title='bbox 231 1847 373 1888; x_wconf 82' lang='lat' dir='ltr'>securi</span> <span class='ocrx_word' id='word_1_133' title='bbox 387 1849 607 1900; x_wconf 91' lang='lat' dir='ltr'>possimus</span> <span class='ocrx_word' id='word_1_134' title='bbox 627 1846 772 1889; x_wconf 80' lang='lat' dir='ltr'>dicere</span> <span class='ocrx_word' id='word_1_135' title='bbox 786 1847 991 1889; x_wconf 91' lang='lat' dir='ltr'>Domino:</span> 
     </span>
     <span class='ocr_line' id='line_1_30' title="bbox 164 1901 990 1955; baseline 0.002 -13"><span class='ocrx_word' id='word_1_136' title='bbox 164 1901 377 1955; x_wconf 87' lang='lat' dir='ltr'>Dirupisti</span> <span class='ocrx_word' id='word_1_137' title='bbox 401 1903 572 1945; x_wconf 89' lang='lat' dir='ltr'>vincula</span> <span class='ocrx_word' id='word_1_138' title='bbox 597 1916 704 1951; x_wconf 87' lang='lat' dir='ltr'>mea,</span> <span class='ocrx_word' id='word_1_139' title='bbox 729 1902 806 1945; x_wconf 89' lang='lat' dir='ltr'>tibi</span> <span class='ocrx_word' id='word_1_140' title='bbox 831 1903 990 1945; x_wconf 88' lang='lat' dir='ltr'>sacrifi-</span> 
     </span>
    </p>

    <p class='ocr_par' dir='ltr' id='par_1_7' title="bbox 167 1957 655 2001">
     <span class='ocr_line' id='line_1_31' title="bbox 167 1957 655 2001; baseline 0 -2"><span class='ocrx_word' id='word_1_141' title='bbox 167 1957 278 2000; x_wconf 88' lang='lat' dir='ltr'>cabo</span> <span class='ocrx_word' id='word_1_142' title='bbox 297 1957 486 2001; x_wconf 89' lang='lat' dir='ltr'>hostiam</span> <span class='ocrx_word' id='word_1_143' title='bbox 503 1958 655 2001; x_wconf 91' lang='lat' dir='ltr'>laudis.</span> 
     </span>
    </p>

    <p class='ocr_par' dir='ltr' id='par_1_8' title="bbox 165 2019 990 2464">
     <span class='ocr_line' id='line_1_32' title="bbox 222 2019 990 2073; baseline 0 -12"><span class='ocrx_word' id='word_1_144' title='bbox 222 2023 270 2073; x_wconf 56' lang='lat' dir='ltr'>lx‘g.</span> <span class='ocrx_word' id='word_1_145' title='bbox 299 2019 494 2073; x_wconf 90' lang='lat' dir='ltr'>Tempus</span> <span class='ocrx_word' id='word_1_146' title='bbox 523 2025 604 2070; x_wconf 90' lang='lat' dir='ltr'>est,</span> <span class='ocrx_word' id='word_1_147' title='bbox 637 2025 685 2061; x_wconf 93' lang='lat' dir='ltr'>ut</span> <span class='ocrx_word' id='word_1_148' title='bbox 711 2021 906 2062; x_wconf 83' lang='lat' dir='ltr'>revertar</span> <span class='ocrx_word' id='word_1_149' title='bbox 934 2019 990 2061; x_wconf 89' lang='lat' dir='ltr'>ad</span> 
     </span>
     <span class='ocr_line' id='line_1_33' title="bbox 166 2076 989 2128; baseline -0.002 -10"><span class='ocrx_word' id='word_1_150' title='bbox 166 2088 279 2125; x_wconf 85' lang='lat' dir='ltr'>eum,</span> <span class='ocrx_word' id='word_1_151' title='bbox 300 2077 374 2128; x_wconf 92' lang='lat' dir='ltr'>qui</span> <span class='ocrx_word' id='word_1_152' title='bbox 392 2089 462 2118; x_wconf 90' lang='lat' dir='ltr'>me</span> <span class='ocrx_word' id='word_1_153' title='bbox 481 2076 613 2126; x_wconf 89' lang='lat' dir='ltr'>misit,</span> <span class='ocrx_word' id='word_1_154' title='bbox 634 2076 740 2118; x_wconf 91' lang='lat' dir='ltr'>dicit</span> <span class='ocrx_word' id='word_1_155' title='bbox 758 2076 989 2117; x_wconf 90' lang='lat' dir='ltr'>Dominus:</span> 
     </span>
     <span class='ocr_line' id='line_1_34' title="bbox 165 2131 989 2182; baseline 0 -9"><span class='ocrx_word' id='word_1_156' title='bbox 165 2131 300 2174; x_wconf 87' lang='lat' dir='ltr'>nolite</span> <span class='ocrx_word' id='word_1_157' title='bbox 320 2132 578 2182; x_wconf 86' lang='lat' dir='ltr'>contristari,</span> <span class='ocrx_word' id='word_1_158' title='bbox 597 2145 678 2174; x_wconf 90' lang='lat' dir='ltr'>nec</span> <span class='ocrx_word' id='word_1_159' title='bbox 697 2131 897 2173; x_wconf 79' lang='lat' dir='ltr'>turbetur</span> <span class='ocrx_word' id='word_1_160' title='bbox 913 2145 989 2174; x_wconf 93' lang='lat' dir='ltr'>cor</span> 
     </span>
     <span class='ocr_line' id='line_1_35' title="bbox 165 2187 988 2241; baseline -0.001 -11"><span class='ocrx_word' id='word_1_161' title='bbox 165 2193 373 2230; x_wconf 87' lang='lat' dir='ltr'>vestrum:</span> <span class='ocrx_word' id='word_1_162' title='bbox 389 2192 408 2212; x_wconf 66' lang='lat'><strong>⁸</strong></span> <span class='ocrx_word' id='word_1_163' title='bbox 420 2189 548 2240; x_wconf 88' lang='lat' dir='ltr'>Rogo</span> <span class='ocrx_word' id='word_1_164' title='bbox 564 2201 646 2241; x_wconf 89' lang='lat' dir='ltr'>pro</span> <span class='ocrx_word' id='word_1_165' title='bbox 662 2187 788 2230; x_wconf 91' lang='lat' dir='ltr'>vobis</span> <span class='ocrx_word' id='word_1_166' title='bbox 802 2188 988 2238; x_wconf 87' lang='lat' dir='ltr'>Patrem,</span> 
     </span>
     <span class='ocr_line' id='line_1_36' title="bbox 165 2244 988 2297; baseline 0 -11"><span class='ocrx_word' id='word_1_167' title='bbox 165 2250 212 2286; x_wconf 92' lang='lat' dir='ltr'>ut</span> <span class='ocrx_word' id='word_1_168' title='bbox 233 2245 327 2297; x_wconf 89' lang='lat' dir='ltr'>ipse</span> <span class='ocrx_word' id='word_1_169' title='bbox 342 2257 421 2286; x_wconf 90' lang='lat' dir='ltr'>vos</span> <span class='ocrx_word' id='word_1_170' title='bbox 441 2244 670 2294; x_wconf 88' lang='lat' dir='ltr'>custodiat,</span> <span class='ocrx_word' id='word_1_171' title='bbox 689 2244 870 2295; x_wconf 80' lang='lat' dir='ltr'>alleluja,</span> <span class='ocrx_word' id='word_1_172' title='bbox 890 2244 988 2286; x_wconf 86' lang='lat' dir='ltr'>alle-</span> 
     </span>
     <span class='ocr_line' id='line_1_37' title="bbox 165 2296 988 2352; baseline 0.001 -11"><span class='ocrx_word' id='word_1_173' title='bbox 165 2300 261 2351; x_wconf 82' lang='lat' dir='ltr'>luja.</span> <span class='ocrx_word' id='word_1_174' title='bbox 278 2296 324 2346; x_wconf 68' lang='lat' dir='ltr'>,V</span> <span class='ocrx_word' id='word_1_175' title='bbox 350 2301 445 2342; x_wconf 91' lang='lat' dir='ltr'>Nisi</span> <span class='ocrx_word' id='word_1_176' title='bbox 466 2314 547 2352; x_wconf 87' lang='lat' dir='ltr'>ego</span> <span class='ocrx_word' id='word_1_177' title='bbox 568 2300 728 2351; x_wconf 89' lang='lat' dir='ltr'>abiero,</span> <span class='ocrx_word' id='word_1_178' title='bbox 747 2301 988 2343; x_wconf 88' lang='lat' dir='ltr'>Paraclitus</span> 
     </span>
     <span class='ocr_line' id='line_1_38' title="bbox 165 2357 987 2410; baseline 0.002 -14"><span class='ocrx_word' id='word_1_179' title='bbox 165 2369 252 2398; x_wconf 92' lang='lat' dir='ltr'>non</span> <span class='ocrx_word' id='word_1_180' title='bbox 276 2357 432 2399; x_wconf 88' lang='lat' dir='ltr'>veniet:</span> <span class='ocrx_word' id='word_1_181' title='bbox 457 2370 556 2398; x_wconf 91' lang='lat' dir='ltr'>cum</span> <span class='ocrx_word' id='word_1_182' title='bbox 579 2360 829 2410; x_wconf 82' lang='lat' dir='ltr'>assumptus</span> <span class='ocrx_word' id='word_1_183' title='bbox 854 2357 987 2407; x_wconf 82' lang='lat' dir='ltr'>fuero,</span> 
     </span>
     <span class='ocr_line' id='line_1_39' title="bbox 166 2412 775 2464; baseline 0.002 -12"><span class='ocrx_word' id='word_1_184' title='bbox 166 2412 336 2454; x_wconf 90' lang='lat' dir='ltr'>mittam</span> <span class='ocrx_word' id='word_1_185' title='bbox 355 2413 480 2455; x_wconf 91' lang='lat' dir='ltr'>vobis</span> <span class='ocrx_word' id='word_1_186' title='bbox 500 2426 608 2455; x_wconf 90' lang='lat' dir='ltr'>eum.</span> <span class='ocrx_word' id='word_1_187' title='bbox 637 2414 775 2464; x_wconf 85' lang='lat' dir='ltr'>Rogo.</span> 
     </span>
    </p>

    <p class='ocr_par' dir='ltr' id='par_1_9' title="bbox 166 2480 988 2757">
     <span class='ocr_line' id='line_1_40' title="bbox 479 2480 681 2519; baseline -0.005 -1"><span class='ocrx_word' id='word_1_188' title='bbox 479 2480 625 2519; x_wconf 70' lang='lat' dir='ltr'>Lectio</span> <span class='ocrx_word' id='word_1_189' title='bbox 648 2493 681 2517; x_wconf 71' lang='grc' dir='ltr'>ν.</span> 
     </span>
     <span class='ocr_line' id='line_1_41' title="bbox 169 2532 987 2637; baseline 0.002 -59"><span class='ocrx_word' id='word_1_190' title='bbox 169 2532 493 2637; x_wconf 81' lang='lat' dir='ltr'>Resurrectio</span> <span class='ocrx_word' id='word_1_191' title='bbox 517 2538 691 2579; x_wconf 90' lang='lat' dir='ltr'>Domini</span> <span class='ocrx_word' id='word_1_192' title='bbox 716 2551 817 2591; x_wconf 90' lang='lat' dir='ltr'>spes</span> <span class='ocrx_word' id='word_1_193' title='bbox 841 2544 987 2580; x_wconf 90' lang='lat' dir='ltr'>nostra</span> 
     </span>
     <span class='ocr_line' id='line_1_42' title="bbox 277 2594 988 2644; baseline 0.001 -10"><span class='ocrx_word' id='word_1_194' title='bbox 277 2599 356 2635; x_wconf 86' lang='lat' dir='ltr'>est:</span> <span class='ocrx_word' id='word_1_195' title='bbox 371 2595 567 2636; x_wconf 86' lang='lat' dir='ltr'>ascensio</span> <span class='ocrx_word' id='word_1_196' title='bbox 583 2595 758 2635; x_wconf 92' lang='lat' dir='ltr'>Domini</span> <span class='ocrx_word' id='word_1_197' title='bbox 776 2594 988 2644; x_wconf 86' lang='lat' dir='ltr'>glorifica·</span> 
     </span>
     <span class='ocr_line' id='line_1_43' title="bbox 166 2648 988 2692; baseline 0.002 -3"><span class='ocrx_word' id='word_1_198' title='bbox 166 2648 227 2689; x_wconf 91' lang='lat' dir='ltr'>tio</span> <span class='ocrx_word' id='word_1_199' title='bbox 256 2654 403 2690; x_wconf 90' lang='lat' dir='ltr'>nostra</span> <span class='ocrx_word' id='word_1_200' title='bbox 434 2656 510 2691; x_wconf 89' lang='lat' dir='ltr'>est.</span> <span class='ocrx_word' id='word_1_201' title='bbox 550 2651 830 2692; x_wconf 90' lang='lat' dir='ltr'>Ascensionis</span> <span class='ocrx_word' id='word_1_202' title='bbox 858 2649 988 2691; x_wconf 86' lang='lat' dir='ltr'>hodie</span> 
     </span>
     <span class='ocr_line' id='line_1_44' title="bbox 168 2704 987 2757; baseline 0.004 -13"><span class='ocrx_word' id='word_1_203' title='bbox 168 2704 375 2745; x_wconf 83' lang='lat' dir='ltr'>solemnia</span> <span class='ocrx_word' id='word_1_204' title='bbox 403 2705 683 2748; x_wconf 88' lang='lat' dir='ltr'>celebramus.</span> <span class='ocrx_word' id='word_1_205' title='bbox 724 2707 766 2748; x_wconf 90' lang='lat' dir='ltr'>Si</span> <span class='ocrx_word' id='word_1_206' title='bbox 796 2719 899 2757; x_wconf 88' lang='lat' dir='ltr'>ergo</span> <span class='ocrx_word' id='word_1_207' title='bbox 926 2719 987 2747; x_wconf 93' lang='lat' dir='ltr'>re-</span> 
     </span>
    </p>
   </div>
   <div class='ocr_carea' id='block_1_5' title="bbox 172 790 271 927">
    <p class='ocr_par' dir='ltr' id='par_1_10' title="bbox 172 790 271 927">
     <span class='ocr_line' id='line_1_45' title="bbox 172 790 271 927; baseline 0 -51"><span class='ocrx_word' id='word_1_208' title='bbox 172 790 271 927; x_wconf 95' lang='lat' dir='ltr'>   </span> 
     </span>
    </p>
   </div>
   <div class='ocr_carea' id='block_1_6' title="bbox 624 190 1438 224">
    <p class='ocr_par' dir='ltr' id='par_1_11' title="bbox 624 190 1438 224">
     <span class='ocr_line' id='line_1_46' title="bbox 624 190 1438 224; baseline -0.001 -1"><span class='ocrx_word' id='word_1_209' title='bbox 624 192 817 224; x_wconf 51' lang='lat' dir='ltr'>luminu-,⁴1</span> <span class='ocrx_word' id='word_1_210' title='bbox 849 192 939 223; x_wconf 56' lang='lat' dir='ltr'>intra</span> <span class='ocrx_word' id='word_1_211' title='bbox 969 194 1150 222; x_wconf 51' lang='lat' dir='ltr'>(letarum</span> <span class='ocrx_word' id='word_1_212' title='bbox 1179 190 1438 222; x_wconf 60' lang='lat' dir='ltr'>Asecnsionis.</span> 
     </span>
    </p>
   </div>
   <div class='ocr_carea' id='block_1_7' title="bbox 1039 283 1877 2758">
    <p class='ocr_par' dir='ltr' id='par_1_12' title="bbox 1039 283 1877 2758">
     <span class='ocr_line' id='line_1_47' title="bbox 1053 283 1875 335; baseline 0.005 -11"><span class='ocrx_word' id='word_1_213' title='bbox 1053 289 1131 332; x_wconf 89' lang='lat' dir='ltr'>cte,</span> <span class='ocrx_word' id='word_1_214' title='bbox 1151 283 1187 324; x_wconf 90' lang='lat' dir='ltr'>si</span> <span class='ocrx_word' id='word_1_215' title='bbox 1207 283 1403 334; x_wconf 90' lang='lat' dir='ltr'>fideliter,</span> <span class='ocrx_word' id='word_1_216' title='bbox 1421 285 1457 326; x_wconf 92' lang='lat' dir='ltr'>si</span> <span class='ocrx_word' id='word_1_217' title='bbox 1476 284 1646 334; x_wconf 86' lang='lat' dir='ltr'>devote,</span> <span class='ocrx_word' id='word_1_218' title='bbox 1662 285 1697 326; x_wconf 91' lang='lat' dir='ltr'>si</span> <span class='ocrx_word' id='word_1_219' title='bbox 1717 292 1875 335; x_wconf 88' lang='lat' dir='ltr'>sancte,</span> 
     </span>
     <span class='ocr_line' id='line_1_48' title="bbox 1052 340 1875 392; baseline 0.004 -12"><span class='ocrx_word' id='word_1_220' title='bbox 1052 340 1086 380; x_wconf 92' lang='lat' dir='ltr'>si</span> <span class='ocrx_word' id='word_1_221' title='bbox 1101 340 1172 392; x_wconf 92' lang='lat' dir='ltr'>pie</span> <span class='ocrx_word' id='word_1_222' title='bbox 1188 341 1485 382; x_wconf 82' lang='lat' dir='ltr'>ascensionem</span> <span class='ocrx_word' id='word_1_223' title='bbox 1498 341 1673 382; x_wconf 84' lang='lat' dir='ltr'>Domini</span> <span class='ocrx_word' id='word_1_224' title='bbox 1687 341 1875 383; x_wconf 83' lang='lat' dir='ltr'>celebra-</span> 
     </span>
     <span class='ocr_line' id='line_1_49' title="bbox 1051 396 1876 446; baseline 0.002 -10"><span class='ocrx_word' id='word_1_225' title='bbox 1051 410 1157 445; x_wconf 89' lang='lat' dir='ltr'>mus,</span> <span class='ocrx_word' id='word_1_226' title='bbox 1181 396 1468 439; x_wconf 86' lang='lat' dir='ltr'>ascendamus</span> <span class='ocrx_word' id='word_1_227' title='bbox 1491 411 1589 439; x_wconf 92' lang='lat' dir='ltr'>cum</span> <span class='ocrx_word' id='word_1_228' title='bbox 1608 397 1694 446; x_wconf 89' lang='lat' dir='ltr'>illo,</span> <span class='ocrx_word' id='word_1_229' title='bbox 1719 403 1763 440; x_wconf 90' lang='lat' dir='ltr'>et</span> <span class='ocrx_word' id='word_1_230' title='bbox 1786 411 1876 439; x_wconf 90' lang='lat' dir='ltr'>sur-</span> 
     </span>
     <span class='ocr_line' id='line_1_50' title="bbox 1051 452 1876 496; baseline 0.002 -3"><span class='ocrx_word' id='word_1_231' title='bbox 1051 465 1146 493; x_wconf 91' lang='lat' dir='ltr'>sum</span> <span class='ocrx_word' id='word_1_232' title='bbox 1160 452 1294 495; x_wconf 91' lang='lat' dir='ltr'>corda</span> <span class='ocrx_word' id='word_1_233' title='bbox 1307 453 1557 495; x_wconf 87' lang='lat' dir='ltr'>habeamus.</span> <span class='ocrx_word' id='word_1_234' title='bbox 1575 453 1876 496; x_wconf 87' lang='lat' dir='ltr'>Ascendentes</span> 
     </span>
     <span class='ocr_line' id='line_1_51' title="bbox 1051 509 1875 559; baseline 0.004 -10"><span class='ocrx_word' id='word_1_235' title='bbox 1051 514 1195 550; x_wconf 89' lang='lat' dir='ltr'>autem</span> <span class='ocrx_word' id='word_1_236' title='bbox 1218 522 1306 551; x_wconf 92' lang='lat' dir='ltr'>non</span> <span class='ocrx_word' id='word_1_237' title='bbox 1324 509 1595 559; x_wconf 67' lang='lat' dir='ltr'>extollamur,</span> <span class='ocrx_word' id='word_1_238' title='bbox 1618 523 1700 551; x_wconf 93' lang='lat' dir='ltr'>nec</span> <span class='ocrx_word' id='word_1_239' title='bbox 1724 509 1779 552; x_wconf 92' lang='lat' dir='ltr'>de</span> <span class='ocrx_word' id='word_1_240' title='bbox 1803 523 1875 552; x_wconf 93' lang='lat' dir='ltr'>no-</span> 
     </span>
     <span class='ocr_line' id='line_1_52' title="bbox 1051 565 1877 620; baseline 0.002 -14"><span class='ocrx_word' id='word_1_241' title='bbox 1051 565 1161 615; x_wconf 85' lang='lat' dir='ltr'>stris,</span> <span class='ocrx_word' id='word_1_242' title='bbox 1177 566 1301 617; x_wconf 86' lang='lat' dir='ltr'>quasi</span> <span class='ocrx_word' id='word_1_243' title='bbox 1316 565 1371 607; x_wconf 90' lang='lat' dir='ltr'>de</span> <span class='ocrx_word' id='word_1_244' title='bbox 1386 566 1576 619; x_wconf 90' lang='lat' dir='ltr'>propriis</span> <span class='ocrx_word' id='word_1_245' title='bbox 1590 566 1755 608; x_wconf 90' lang='lat' dir='ltr'>meritis</span> <span class='ocrx_word' id='word_1_246' title='bbox 1774 580 1877 620; x_wconf 81' lang='lat' dir='ltr'>prae-</span> 
     </span>
     <span class='ocr_line' id='line_1_53' title="bbox 1051 622 1875 665; baseline 0.004 -3"><span class='ocrx_word' id='word_1_247' title='bbox 1051 623 1282 663; x_wconf 85' lang='lat' dir='ltr'>sumamus.</span> <span class='ocrx_word' id='word_1_248' title='bbox 1301 623 1480 664; x_wconf 90' lang='lat' dir='ltr'>Sursum</span> <span class='ocrx_word' id='word_1_249' title='bbox 1495 628 1639 664; x_wconf 89' lang='lat' dir='ltr'>autem</span> <span class='ocrx_word' id='word_1_250' title='bbox 1655 622 1789 665; x_wconf 92' lang='lat' dir='ltr'>corda</span> <span class='ocrx_word' id='word_1_251' title='bbox 1802 622 1875 665; x_wconf 91' lang='lat' dir='ltr'>ha-</span> 
     </span>
     <span class='ocr_line' id='line_1_54' title="bbox 1050 677 1875 721; baseline 0.002 -2"><span class='ocrx_word' id='word_1_252' title='bbox 1050 677 1153 719; x_wconf 88' lang='lat' dir='ltr'>bere</span> <span class='ocrx_word' id='word_1_253' title='bbox 1179 677 1388 720; x_wconf 93' lang='lat' dir='ltr'>debemus</span> <span class='ocrx_word' id='word_1_254' title='bbox 1412 678 1469 720; x_wconf 92' lang='lat' dir='ltr'>ad</span> <span class='ocrx_word' id='word_1_255' title='bbox 1487 679 1733 720; x_wconf 91' lang='lat' dir='ltr'>Dominum.</span> <span class='ocrx_word' id='word_1_256' title='bbox 1778 680 1875 721; x_wconf 91' lang='lat' dir='ltr'>Sur-</span> 
     </span>
     <span class='ocr_line' id='line_1_55' title="bbox 1050 734 1874 786; baseline 0.004 -12"><span class='ocrx_word' id='word_1_257' title='bbox 1050 747 1144 775; x_wconf 92' lang='lat' dir='ltr'>sum</span> <span class='ocrx_word' id='word_1_258' title='bbox 1178 735 1291 776; x_wconf 91' lang='lat' dir='ltr'>enim</span> <span class='ocrx_word' id='word_1_259' title='bbox 1323 748 1398 777; x_wconf 93' lang='lat' dir='ltr'>cor</span> <span class='ocrx_word' id='word_1_260' title='bbox 1431 748 1517 776; x_wconf 92' lang='lat' dir='ltr'>non</span> <span class='ocrx_word' id='word_1_261' title='bbox 1547 734 1602 777; x_wconf 90' lang='lat' dir='ltr'>ad</span> <span class='ocrx_word' id='word_1_262' title='bbox 1629 735 1874 786; x_wconf 90' lang='lat' dir='ltr'>Dominum,</span> 
     </span>
     <span class='ocr_line' id='line_1_56' title="bbox 1050 790 1875 843; baseline 0.002 -12"><span class='ocrx_word' id='word_1_263' title='bbox 1050 790 1254 843; x_wconf 90' lang='lat' dir='ltr'>superbia</span> <span class='ocrx_word' id='word_1_264' title='bbox 1290 794 1487 833; x_wconf 88' lang='lat' dir='ltr'>vocatur:</span> <span class='ocrx_word' id='word_1_265' title='bbox 1523 804 1694 832; x_wconf 90' lang='lat' dir='ltr'>sursum</span> <span class='ocrx_word' id='word_1_266' title='bbox 1730 797 1875 835; x_wconf 86' lang='lat' dir='ltr'>autem</span> 
     </span>
     <span class='ocr_line' id='line_1_57' title="bbox 1050 846 1874 899; baseline 0.002 -11"><span class='ocrx_word' id='word_1_267' title='bbox 1050 859 1126 888; x_wconf 93' lang='lat' dir='ltr'>cor</span> <span class='ocrx_word' id='word_1_268' title='bbox 1154 846 1210 889; x_wconf 89' lang='lat' dir='ltr'>ad</span> <span class='ocrx_word' id='word_1_269' title='bbox 1237 848 1482 898; x_wconf 79' lang='lat' dir='ltr'>Dominum,</span> <span class='ocrx_word' id='word_1_270' title='bbox 1508 848 1721 899; x_wconf 83' lang='lat' dir='ltr'>refugium</span> <span class='ocrx_word' id='word_1_271' title='bbox 1746 851 1874 890; x_wconf 91' lang='lat' dir='ltr'>voca·</span> 
     </span>
     <span class='ocr_line' id='line_1_58' title="bbox 1047 902 1874 955; baseline 0.002 -12"><span class='ocrx_word' id='word_1_272' title='bbox 1047 908 1128 944; x_wconf 90' lang='lat' dir='ltr'>tur.</span> <span class='ocrx_word' id='word_1_273' title='bbox 1155 902 1326 954; x_wconf 85' lang='lat' dir='ltr'>Videte,</span> <span class='ocrx_word' id='word_1_274' title='bbox 1346 904 1511 955; x_wconf 90' lang='lat' dir='ltr'>fratres,</span> <span class='ocrx_word' id='word_1_275' title='bbox 1529 917 1732 955; x_wconf 88' lang='lat' dir='ltr'>magnum</span> <span class='ocrx_word' id='word_1_276' title='bbox 1750 905 1874 946; x_wconf 84' lang='lat' dir='ltr'>mira-</span> 
     </span>
     <span class='ocr_line' id='line_1_59' title="bbox 1049 960 1874 1012; baseline 0.002 -11"><span class='ocrx_word' id='word_1_277' title='bbox 1049 960 1203 1001; x_wconf 92' lang='lat' dir='ltr'>culum.</span> <span class='ocrx_word' id='word_1_278' title='bbox 1231 960 1360 1002; x_wconf 90' lang='lat' dir='ltr'>Altus</span> <span class='ocrx_word' id='word_1_279' title='bbox 1380 966 1446 1002; x_wconf 89' lang='lat' dir='ltr'>est</span> <span class='ocrx_word' id='word_1_280' title='bbox 1460 961 1591 1010; x_wconf 90' lang='lat' dir='ltr'>Deus,</span> <span class='ocrx_word' id='word_1_281' title='bbox 1610 960 1738 1012; x_wconf 86' lang='lat' dir='ltr'>erigis</span> <span class='ocrx_word' id='word_1_282' title='bbox 1756 966 1811 1010; x_wconf 89' lang='lat' dir='ltr'>te,</span> <span class='ocrx_word' id='word_1_283' title='bbox 1831 967 1874 1003; x_wconf 91' lang='lat' dir='ltr'>et</span> 
     </span>
     <span class='ocr_line' id='line_1_60' title="bbox 1048 1015 1874 1067; baseline 0.001 -10"><span class='ocrx_word' id='word_1_284' title='bbox 1048 1016 1156 1067; x_wconf 89' lang='lat' dir='ltr'>fugit</span> <span class='ocrx_word' id='word_1_285' title='bbox 1174 1030 1199 1058; x_wconf 95' lang='lat' dir='ltr'>a</span> <span class='ocrx_word' id='word_1_286' title='bbox 1217 1022 1277 1065; x_wconf 86' lang='lat' dir='ltr'>te;</span> <span class='ocrx_word' id='word_1_287' title='bbox 1296 1016 1497 1058; x_wconf 87' lang='lat' dir='ltr'>humilias</span> <span class='ocrx_word' id='word_1_288' title='bbox 1515 1022 1570 1066; x_wconf 86' lang='lat' dir='ltr'>te,</span> <span class='ocrx_word' id='word_1_289' title='bbox 1585 1022 1629 1058; x_wconf 87' lang='lat' dir='ltr'>et</span> <span class='ocrx_word' id='word_1_290' title='bbox 1648 1015 1874 1059; x_wconf 83' lang='lat' dir='ltr'>descendit</span> 
     </span>
     <span class='ocr_line' id='line_1_61' title="bbox 1048 1072 1874 1124; baseline 0 -10"><span class='ocrx_word' id='word_1_291' title='bbox 1048 1072 1104 1115; x_wconf 86' lang='lat' dir='ltr'>ad</span> <span class='ocrx_word' id='word_1_292' title='bbox 1127 1079 1182 1115; x_wconf 90' lang='lat' dir='ltr'>te.</span> <span class='ocrx_word' id='word_1_293' title='bbox 1224 1074 1366 1124; x_wconf 87' lang='lat' dir='ltr'>Quare</span> <span class='ocrx_word' id='word_1_294' title='bbox 1391 1072 1498 1115; x_wconf 88' lang='lat' dir='ltr'>hoc?</span> <span class='ocrx_word' id='word_1_295' title='bbox 1541 1073 1651 1123; x_wconf 90' lang='lat' dir='ltr'>Quia</span> <span class='ocrx_word' id='word_1_296' title='bbox 1675 1072 1874 1115; x_wconf 84' lang='lat' dir='ltr'>excelsus</span> 
     </span>
     <span class='ocr_line' id='line_1_62' title="bbox 1047 1128 1873 1183; baseline 0.001 -13"><span class='ocrx_word' id='word_1_297' title='bbox 1047 1135 1124 1178; x_wconf 87' lang='lat' dir='ltr'>est,</span> <span class='ocrx_word' id='word_1_298' title='bbox 1149 1135 1193 1171; x_wconf 89' lang='lat' dir='ltr'>et</span> <span class='ocrx_word' id='word_1_299' title='bbox 1217 1129 1394 1171; x_wconf 86' lang='lat' dir='ltr'>humilia</span> <span class='ocrx_word' id='word_1_300' title='bbox 1419 1130 1608 1183; x_wconf 84' lang='lat' dir='ltr'>respicit,</span> <span class='ocrx_word' id='word_1_301' title='bbox 1636 1134 1679 1170; x_wconf 90' lang='lat' dir='ltr'>et</span> <span class='ocrx_word' id='word_1_302' title='bbox 1705 1128 1794 1171; x_wconf 89' lang='lat' dir='ltr'>alta</span> <span class='ocrx_word' id='word_1_303' title='bbox 1818 1128 1873 1171; x_wconf 87' lang='lat' dir='ltr'>de</span> 
     </span>
     <span class='ocr_line' id='line_1_63' title="bbox 1046 1185 1872 1239; baseline 0.002 -13"><span class='ocrx_word' id='word_1_304' title='bbox 1046 1185 1175 1237; x_wconf 88' lang='lat' dir='ltr'>longe</span> <span class='ocrx_word' id='word_1_305' title='bbox 1202 1186 1438 1237; x_wconf 84' lang='lat' dir='ltr'>cognoscit.</span> <span class='ocrx_word' id='word_1_306' title='bbox 1474 1186 1666 1227; x_wconf 88' lang='lat' dir='ltr'>Humilia</span> <span class='ocrx_word' id='word_1_307' title='bbox 1693 1185 1748 1228; x_wconf 90' lang='lat' dir='ltr'>de</span> <span class='ocrx_word' id='word_1_308' title='bbox 1773 1188 1872 1239; x_wconf 88' lang='lat' dir='ltr'>pro-</span> 
     </span>
     <span class='ocr_line' id='line_1_64' title="bbox 1046 1241 1871 1295; baseline 0.001 -12"><span class='ocrx_word' id='word_1_309' title='bbox 1046 1242 1163 1284; x_wconf 85' lang='lat' dir='ltr'>ximo</span> <span class='ocrx_word' id='word_1_310' title='bbox 1192 1243 1384 1295; x_wconf 90' lang='lat' dir='ltr'>respicit,</span> <span class='ocrx_word' id='word_1_311' title='bbox 1412 1248 1459 1284; x_wconf 91' lang='lat' dir='ltr'>ut</span> <span class='ocrx_word' id='word_1_312' title='bbox 1487 1242 1671 1285; x_wconf 86' lang='lat' dir='ltr'>attollat:</span> <span class='ocrx_word' id='word_1_313' title='bbox 1703 1242 1800 1293; x_wconf 90' lang='lat' dir='ltr'>alta,</span> <span class='ocrx_word' id='word_1_314' title='bbox 1826 1241 1871 1284; x_wconf 92' lang='lat' dir='ltr'>id</span> 
     </span>
     <span class='ocr_line' id='line_1_65' title="bbox 1046 1298 1872 1352; baseline 0.002 -13"><span class='ocrx_word' id='word_1_315' title='bbox 1046 1304 1122 1348; x_wconf 90' lang='lat' dir='ltr'>est,</span> <span class='ocrx_word' id='word_1_316' title='bbox 1139 1298 1337 1352; x_wconf 86' lang='lat' dir='ltr'>superba,</span> <span class='ocrx_word' id='word_1_317' title='bbox 1354 1298 1409 1341; x_wconf 89' lang='lat' dir='ltr'>de</span> <span class='ocrx_word' id='word_1_318' title='bbox 1427 1299 1556 1350; x_wconf 89' lang='lat' dir='ltr'>longe</span> <span class='ocrx_word' id='word_1_319' title='bbox 1575 1299 1809 1350; x_wconf 87' lang='lat' dir='ltr'>cognoscit,</span> <span class='ocrx_word' id='word_1_320' title='bbox 1824 1305 1872 1341; x_wconf 92' lang='lat' dir='ltr'>ut</span> 
     </span>
     <span class='ocr_line' id='line_1_66' title="bbox 1046 1354 1685 1408; baseline 0.003 -12"><span class='ocrx_word' id='word_1_321' title='bbox 1046 1354 1271 1408; x_wconf 91' lang='lat' dir='ltr'>deprimat.</span> <span class='ocrx_word' id='word_1_322' title='bbox 1683 1356 1685 1358; x_wconf 55' lang='grc'><strong>“</strong></span> 
     </span>
     <span class='ocr_line' id='line_1_67' title="bbox 1102 1424 1871 1479; baseline -0.001 -12"><span class='ocrx_word' id='word_1_323' title='bbox 1102 1429 1150 1479; x_wconf 53' lang='lat' dir='ltr'>lea</span> <span class='ocrx_word' id='word_1_324' title='bbox 1177 1425 1279 1466; x_wconf 94' lang='lat' dir='ltr'>Non</span> <span class='ocrx_word' id='word_1_325' title='bbox 1314 1424 1515 1467; x_wconf 91' lang='lat' dir='ltr'>turbetur</span> <span class='ocrx_word' id='word_1_326' title='bbox 1550 1437 1626 1467; x_wconf 92' lang='lat' dir='ltr'>cor</span> <span class='ocrx_word' id='word_1_327' title='bbox 1662 1429 1871 1467; x_wconf 88' lang='lat' dir='ltr'>vestrum:</span> 
     </span>
     <span class='ocr_line' id='line_1_68' title="bbox 1046 1480 1870 1532; baseline 0.002 -10"><span class='ocrx_word' id='word_1_328' title='bbox 1046 1493 1128 1532; x_wconf 89' lang='lat' dir='ltr'>ego</span> <span class='ocrx_word' id='word_1_329' title='bbox 1157 1480 1272 1523; x_wconf 90' lang='lat' dir='ltr'>vado</span> <span class='ocrx_word' id='word_1_330' title='bbox 1301 1480 1358 1523; x_wconf 91' lang='lat' dir='ltr'>ad</span> <span class='ocrx_word' id='word_1_331' title='bbox 1385 1482 1576 1532; x_wconf 81' lang='lat' dir='ltr'>Patrem3</span> <span class='ocrx_word' id='word_1_332' title='bbox 1609 1486 1653 1523; x_wconf 90' lang='lat' dir='ltr'>et</span> <span class='ocrx_word' id='word_1_333' title='bbox 1679 1494 1778 1523; x_wconf 91' lang='lat' dir='ltr'>cum</span> <span class='ocrx_word' id='word_1_334' title='bbox 1805 1494 1870 1524; x_wconf 87' lang='lat' dir='ltr'>as·</span> 
     </span>
     <span class='ocr_line' id='line_1_69' title="bbox 1046 1537 1870 1590; baseline 0.002 -12"><span class='ocrx_word' id='word_1_335' title='bbox 1046 1541 1246 1590; x_wconf 82' lang='lat' dir='ltr'>sumptus</span> <span class='ocrx_word' id='word_1_336' title='bbox 1265 1538 1388 1579; x_wconf 82' lang='lat' dir='ltr'>fuero</span> <span class='ocrx_word' id='word_1_337' title='bbox 1409 1551 1434 1579; x_wconf 91' lang='lat' dir='ltr'>a</span> <span class='ocrx_word' id='word_1_338' title='bbox 1452 1537 1590 1588; x_wconf 86' lang='lat' dir='ltr'>vobis,</span> <span class='ocrx_word' id='word_1_339' title='bbox 1609 1538 1779 1580; x_wconf 87' lang='lat' dir='ltr'>mittam</span> <span class='ocrx_word' id='word_1_340' title='bbox 1797 1550 1870 1580; x_wconf 90' lang='lat' dir='ltr'>vo-</span> 
     </span>
     <span class='ocr_line' id='line_1_70' title="bbox 1045 1593 1870 1647; baseline 0.001 -12"><span class='ocrx_word' id='word_1_341' title='bbox 1045 1593 1130 1644; x_wconf 91' lang='lat' dir='ltr'>bis,</span> <span class='ocrx_word' id='word_1_342' title='bbox 1159 1593 1346 1645; x_wconf 80' lang='lat' dir='ltr'>alleluja,</span> <span class='ocrx_word' id='word_1_343' title='bbox 1378 1598 1399 1620; x_wconf 87' lang='lat'>*</span> <span class='ocrx_word' id='word_1_344' title='bbox 1425 1595 1635 1647; x_wconf 88' lang='lat' dir='ltr'>Spiritum</span> <span class='ocrx_word' id='word_1_345' title='bbox 1661 1595 1870 1646; x_wconf 86' lang='lat' dir='ltr'>veritatis,</span> 
     </span>
     <span class='ocr_line' id='line_1_71' title="bbox 1046 1650 1870 1704; baseline 0.001 -13"><span class='ocrx_word' id='word_1_346' title='bbox 1046 1655 1089 1692; x_wconf 88' lang='lat' dir='ltr'>et</span> <span class='ocrx_word' id='word_1_347' title='bbox 1115 1650 1324 1701; x_wconf 90' lang='lat' dir='ltr'>gaudebit</span> <span class='ocrx_word' id='word_1_348' title='bbox 1352 1663 1428 1692; x_wconf 93' lang='lat' dir='ltr'>cor</span> <span class='ocrx_word' id='word_1_349' title='bbox 1454 1655 1660 1701; x_wconf 88' lang='lat' dir='ltr'>vestrum,</span> <span class='ocrx_word' id='word_1_350' title='bbox 1688 1650 1870 1704; x_wconf 79' lang='lat' dir='ltr'>alleluja.</span> 
     </span>
     <span class='ocr_line' id='line_1_72' title="bbox 1048 1704 1871 1758; baseline 0.002 -11"><span class='ocrx_word' id='word_1_351' title='bbox 1048 1704 1095 1753; x_wconf 97' lang='grc' dir='ltr'>Υ.</span> <span class='ocrx_word' id='word_1_352' title='bbox 1128 1707 1223 1758; x_wconf 86' lang='lat' dir='ltr'>Ego</span> <span class='ocrx_word' id='word_1_353' title='bbox 1251 1706 1419 1758; x_wconf 82' lang='lat' dir='ltr'>rogabo</span> <span class='ocrx_word' id='word_1_354' title='bbox 1446 1707 1639 1757; x_wconf 86' lang='lat' dir='ltr'>Patrem,</span> <span class='ocrx_word' id='word_1_355' title='bbox 1668 1713 1712 1749; x_wconf 92' lang='lat' dir='ltr'>et</span> <span class='ocrx_word' id='word_1_356' title='bbox 1738 1707 1871 1749; x_wconf 84' lang='lat' dir='ltr'>alium</span> 
     </span>
     <span class='ocr_line' id='line_1_73' title="bbox 1045 1762 1869 1816; baseline 0.002 -13"><span class='ocrx_word' id='word_1_357' title='bbox 1045 1762 1308 1804; x_wconf 79' lang='lat' dir='ltr'>Paraclitum</span> <span class='ocrx_word' id='word_1_358' title='bbox 1334 1762 1455 1805; x_wconf 89' lang='lat' dir='ltr'>dabit</span> <span class='ocrx_word' id='word_1_359' title='bbox 1478 1763 1615 1805; x_wconf 91' lang='lat' dir='ltr'>vobis.</span> <span class='ocrx_word' id='word_1_360' title='bbox 1651 1763 1869 1816; x_wconf 84' lang='lat' dir='ltr'>Spiritum.</span> 
     </span>
     <span class='ocr_line' id='line_1_74' title="bbox 1348 1846 1571 1887; baseline 0.004 -2"><span class='ocrx_word' id='word_1_361' title='bbox 1348 1846 1498 1887; x_wconf 86' lang='lat' dir='ltr'>Lectio</span> <span class='ocrx_word' id='word_1_362' title='bbox 1520 1849 1571 1886; x_wconf 82' lang='lat' dir='ltr'>vi.</span> 
     </span>
     <span class='ocr_line' id='line_1_75' title="bbox 1045 1911 1867 2016; baseline 0.004 -57"><span class='ocrx_word' id='word_1_363' title='bbox 1045 1911 1344 2016; x_wconf 85' lang='lat' dir='ltr'>Resurrexit</span> <span class='ocrx_word' id='word_1_364' title='bbox 1355 1919 1468 1960; x_wconf 89' lang='lat' dir='ltr'>enim</span> <span class='ocrx_word' id='word_1_365' title='bbox 1475 1918 1736 1969; x_wconf 85' lang='lat' dir='ltr'>Christus‚ut</span> <span class='ocrx_word' id='word_1_366' title='bbox 1744 1933 1867 1973; x_wconf 88' lang='lat' dir='ltr'>spem</span> 
     </span>
     <span class='ocr_line' id='line_1_76' title="bbox 1151 1974 1866 2027; baseline 0.004 -12"><span class='ocrx_word' id='word_1_367' title='bbox 1151 1974 1277 2017; x_wconf 88' lang='lat' dir='ltr'>nobis</span> <span class='ocrx_word' id='word_1_368' title='bbox 1297 1974 1431 2025; x_wconf 90' lang='lat' dir='ltr'>daret,</span> <span class='ocrx_word' id='word_1_369' title='bbox 1447 1975 1548 2027; x_wconf 90' lang='lat' dir='ltr'>quia</span> <span class='ocrx_word' id='word_1_370' title='bbox 1568 1975 1704 2027; x_wconf 86' lang='lat' dir='ltr'>surgit</span> <span class='ocrx_word' id='word_1_371' title='bbox 1722 1975 1866 2026; x_wconf 90' lang='lat' dir='ltr'>homo,</span> 
     </span>
     <span class='ocr_line' id='line_1_77' title="bbox 1043 2031 1865 2086; baseline 0.004 -14"><span class='ocrx_word' id='word_1_372' title='bbox 1043 2031 1115 2083; x_wconf 88' lang='lat' dir='ltr'>qui</span> <span class='ocrx_word' id='word_1_373' title='bbox 1135 2032 1332 2080; x_wconf 63' lang='lat' dir='ltr'>moritum</span> <span class='ocrx_word' id='word_1_374' title='bbox 1346 2044 1400 2073; x_wconf 89' lang='lat' dir='ltr'>ne</span> <span class='ocrx_word' id='word_1_375' title='bbox 1418 2031 1645 2074; x_wconf 91' lang='lat' dir='ltr'>moriendo</span> <span class='ocrx_word' id='word_1_376' title='bbox 1664 2031 1865 2086; x_wconf 88' lang='lat' dir='ltr'>despera-</span> 
     </span>
     <span class='ocr_line' id='line_1_78' title="bbox 1042 2089 1865 2137; baseline 0.004 -8"><span class='ocrx_word' id='word_1_377' title='bbox 1042 2090 1196 2137; x_wconf 88' lang='lat' dir='ltr'>remus,</span> <span class='ocrx_word' id='word_1_378' title='bbox 1221 2094 1264 2130; x_wconf 92' lang='lat' dir='ltr'>et</span> <span class='ocrx_word' id='word_1_379' title='bbox 1286 2089 1419 2131; x_wconf 86' lang='lat' dir='ltr'>vitam</span> <span class='ocrx_word' id='word_1_380' title='bbox 1441 2095 1635 2130; x_wconf 89' lang='lat' dir='ltr'>nostram</span> <span class='ocrx_word' id='word_1_381' title='bbox 1658 2089 1701 2130; x_wconf 93' lang='lat' dir='ltr'>in</span> <span class='ocrx_word' id='word_1_382' title='bbox 1724 2096 1865 2132; x_wconf 84' lang='lat' dir='ltr'>morte</span> 
     </span>
     <span class='ocr_line' id='line_1_79' title="bbox 1043 2144 1864 2198; baseline 0.004 -13"><span class='ocrx_word' id='word_1_383' title='bbox 1043 2144 1207 2187; x_wconf 89' lang='lat' dir='ltr'>finitam</span> <span class='ocrx_word' id='word_1_384' title='bbox 1227 2147 1489 2198; x_wconf 86' lang='lat' dir='ltr'>putaremus,</span> <span class='ocrx_word' id='word_1_385' title='bbox 1511 2149 1690 2187; x_wconf 83' lang='lat' dir='ltr'>securos</span> <span class='ocrx_word' id='word_1_386' title='bbox 1708 2159 1788 2188; x_wconf 87' lang='lat' dir='ltr'>nos</span> <span class='ocrx_word' id='word_1_387' title='bbox 1809 2147 1864 2188; x_wconf 90' lang='lat' dir='ltr'>fe-</span> 
     </span>
     <span class='ocr_line' id='line_1_80' title="bbox 1041 2201 1866 2256; baseline 0.002 -14"><span class='ocrx_word' id='word_1_388' title='bbox 1041 2201 1109 2243; x_wconf 88' lang='lat' dir='ltr'>cit.</span> <span class='ocrx_word' id='word_1_389' title='bbox 1145 2201 1326 2243; x_wconf 90' lang='lat' dir='ltr'>Solliciti</span> <span class='ocrx_word' id='word_1_390' title='bbox 1353 2202 1466 2243; x_wconf 90' lang='lat' dir='ltr'>enim</span> <span class='ocrx_word' id='word_1_391' title='bbox 1492 2205 1664 2243; x_wconf 89' lang='lat' dir='ltr'>eramus</span> <span class='ocrx_word' id='word_1_392' title='bbox 1690 2202 1744 2244; x_wconf 91' lang='lat' dir='ltr'>de</span> <span class='ocrx_word' id='word_1_393' title='bbox 1770 2203 1866 2256; x_wconf 90' lang='lat' dir='ltr'>ipsa</span> 
     </span>
     <span class='ocr_line' id='line_1_81' title="bbox 1041 2257 1865 2310; baseline 0.004 -12"><span class='ocrx_word' id='word_1_394' title='bbox 1041 2258 1197 2299; x_wconf 90' lang='lat' dir='ltr'>anima:</span> <span class='ocrx_word' id='word_1_395' title='bbox 1217 2263 1261 2299; x_wconf 84' lang='lat' dir='ltr'>et</span> <span class='ocrx_word' id='word_1_396' title='bbox 1278 2257 1350 2299; x_wconf 92' lang='lat' dir='ltr'>ille</span> <span class='ocrx_word' id='word_1_397' title='bbox 1370 2258 1496 2300; x_wconf 93' lang='lat' dir='ltr'>nobis</span> <span class='ocrx_word' id='word_1_398' title='bbox 1515 2258 1794 2310; x_wconf 87' lang='lat' dir='ltr'>resurgendo,</span> <span class='ocrx_word' id='word_1_399' title='bbox 1810 2258 1865 2301; x_wconf 86' lang='lat' dir='ltr'>de</span> 
     </span>
     <span class='ocr_line' id='line_1_82' title="bbox 1041 2313 1863 2357; baseline 0.004 -3"><span class='ocrx_word' id='word_1_400' title='bbox 1041 2313 1180 2355; x_wconf 86' lang='lat' dir='ltr'>earnis</span> <span class='ocrx_word' id='word_1_401' title='bbox 1210 2315 1525 2356; x_wconf 89' lang='lat' dir='ltr'>resurrectione</span> <span class='ocrx_word' id='word_1_402' title='bbox 1556 2314 1761 2356; x_wconf 80' lang='lat' dir='ltr'>fiduciam</span> <span class='ocrx_word' id='word_1_403' title='bbox 1793 2314 1863 2357; x_wconf 85' lang='lat' dir='ltr'>de-</span> 
     </span>
     <span class='ocr_line' id='line_1_83' title="bbox 1041 2369 1865 2421; baseline 0.002 -11"><span class='ocrx_word' id='word_1_404' title='bbox 1041 2369 1114 2411; x_wconf 88' lang='lat' dir='ltr'>dit.</span> <span class='ocrx_word' id='word_1_405' title='bbox 1141 2369 1279 2411; x_wconf 88' lang='lat' dir='ltr'>Crede</span> <span class='ocrx_word' id='word_1_406' title='bbox 1295 2383 1411 2421; x_wconf 85' lang='lat' dir='ltr'>ergo‚</span> <span class='ocrx_word' id='word_1_407' title='bbox 1426 2376 1473 2412; x_wconf 92' lang='lat' dir='ltr'>ut</span> <span class='ocrx_word' id='word_1_408' title='bbox 1487 2370 1717 2412; x_wconf 85' lang='lat' dir='ltr'>munderis.</span> <span class='ocrx_word' id='word_1_409' title='bbox 1740 2371 1865 2412; x_wconf 92' lang='lat' dir='ltr'>Prius</span> 
     </span>
     <span class='ocr_line' id='line_1_84' title="bbox 1039 2426 1865 2479; baseline 0.002 -13"><span class='ocrx_word' id='word_1_410' title='bbox 1039 2432 1082 2467; x_wconf 88' lang='lat' dir='ltr'>te</span> <span class='ocrx_word' id='word_1_411' title='bbox 1109 2428 1284 2478; x_wconf 89' lang='lat' dir='ltr'>oportet</span> <span class='ocrx_word' id='word_1_412' title='bbox 1312 2426 1500 2476; x_wconf 90' lang='lat' dir='ltr'>credere,</span> <span class='ocrx_word' id='word_1_413' title='bbox 1527 2432 1575 2468; x_wconf 90' lang='lat' dir='ltr'>ut</span> <span class='ocrx_word' id='word_1_414' title='bbox 1603 2429 1757 2479; x_wconf 90' lang='lat' dir='ltr'>postea</span> <span class='ocrx_word' id='word_1_415' title='bbox 1785 2439 1865 2479; x_wconf 90' lang='lat' dir='ltr'>per</span> 
     </span>
     <span class='ocr_line' id='line_1_85' title="bbox 1041 2481 1864 2535; baseline 0.001 -12"><span class='ocrx_word' id='word_1_416' title='bbox 1041 2481 1171 2524; x_wconf 91' lang='lat' dir='ltr'>fidem</span> <span class='ocrx_word' id='word_1_417' title='bbox 1215 2482 1357 2523; x_wconf 87' lang='lat' dir='ltr'>Deum</span> <span class='ocrx_word' id='word_1_418' title='bbox 1400 2483 1607 2524; x_wconf 87' lang='lat' dir='ltr'>merearis</span> <span class='ocrx_word' id='word_1_419' title='bbox 1657 2485 1864 2535; x_wconf 83' lang='lat' dir='ltr'>aspicere.</span> 
     </span>
     <span class='ocr_line' id='line_1_86' title="bbox 1040 2537 1862 2591; baseline 0.001 -12"><span class='ocrx_word' id='word_1_420' title='bbox 1040 2539 1181 2579; x_wconf 89' lang='lat' dir='ltr'>Deum</span> <span class='ocrx_word' id='word_1_421' title='bbox 1209 2539 1321 2579; x_wconf 92' lang='lat' dir='ltr'>enim</span> <span class='ocrx_word' id='word_1_422' title='bbox 1350 2537 1497 2580; x_wconf 84' lang='lat' dir='ltr'>videre</span> <span class='ocrx_word' id='word_1_423' title='bbox 1524 2537 1612 2579; x_wconf 89' lang='lat' dir='ltr'>vis?</span> <span class='ocrx_word' id='word_1_424' title='bbox 1657 2538 1774 2580; x_wconf 92' lang='lat' dir='ltr'>Audi</span> <span class='ocrx_word' id='word_1_425' title='bbox 1801 2539 1862 2591; x_wconf 92' lang='lat' dir='ltr'>ip-</span> 
     </span>
     <span class='ocr_line' id='line_1_87' title="bbox 1041 2593 1862 2646; baseline 0.001 -11"><span class='ocrx_word' id='word_1_426' title='bbox 1041 2608 1149 2635; x_wconf 89' lang='lat' dir='ltr'>sum:</span> <span class='ocrx_word' id='word_1_427' title='bbox 1173 2595 1298 2636; x_wconf 85' lang='lat' dir='ltr'>Beati</span> <span class='ocrx_word' id='word_1_428' title='bbox 1312 2593 1475 2636; x_wconf 93' lang='lat' dir='ltr'>mundo</span> <span class='ocrx_word' id='word_1_429' title='bbox 1491 2593 1639 2636; x_wconf 88' lang='lat' dir='ltr'>corde:</span> <span class='ocrx_word' id='word_1_430' title='bbox 1660 2595 1862 2646; x_wconf 89' lang='lat' dir='ltr'>quoniam</span> 
     </span>
     <span class='ocr_line' id='line_1_88' title="bbox 1041 2649 1861 2703; baseline 0.001 -12"><span class='ocrx_word' id='word_1_431' title='bbox 1041 2651 1123 2703; x_wconf 90' lang='lat' dir='ltr'>ipsi</span> <span class='ocrx_word' id='word_1_432' title='bbox 1155 2650 1296 2691; x_wconf 90' lang='lat' dir='ltr'>Deum</span> <span class='ocrx_word' id='word_1_433' title='bbox 1328 2649 1547 2692; x_wconf 77' lang='lat' dir='ltr'>videbunt.</span> <span class='ocrx_word' id='word_1_434' title='bbox 1601 2651 1723 2691; x_wconf 88' lang='lat' dir='ltr'>Prius</span> <span class='ocrx_word' id='word_1_435' title='bbox 1757 2663 1861 2701; x_wconf 85' lang='lat' dir='ltr'>ergo</span> 
     </span>
     <span class='ocr_line' id='line_1_89' title="bbox 1041 2705 1861 2758; baseline 0.001 -11"><span class='ocrx_word' id='word_1_436' title='bbox 1041 2707 1184 2757; x_wconf 88' lang='lat' dir='ltr'>cogita</span> <span class='ocrx_word' id='word_1_437' title='bbox 1208 2706 1262 2748; x_wconf 91' lang='lat' dir='ltr'>de</span> <span class='ocrx_word' id='word_1_438' title='bbox 1288 2705 1421 2747; x_wconf 87' lang='lat' dir='ltr'>corde</span> <span class='ocrx_word' id='word_1_439' title='bbox 1446 2705 1711 2747; x_wconf 86' lang='lat' dir='ltr'>mundando:</span> <span class='ocrx_word' id='word_1_440' title='bbox 1740 2706 1861 2758; x_wconf 90' lang='lat' dir='ltr'>quid-</span> 
     </span>
    </p>
   </div>
   <div class='ocr_carea' id='block_1_8' title="bbox 1900 130 2028 2812">
    <p class='ocr_par' dir='ltr' id='par_1_13' title="bbox 1900 130 2028 2812">
     <span class='ocr_line' id='line_1_90' title="bbox 1900 130 2028 2812; baseline 0 0"><span class='ocrx_word' id='word_1_441' title='bbox 1900 130 2028 2812; x_wconf 95' lang='lat' dir='ltr'> </span> 
     </span>
    </p>
   </div>
  </div>
 </body>
</html>
