2066 2956
213 197 303 242 [254]

211 296 413 365 Alleluia,
433 293 614 345 alleluia.
646 292 798 334 Gloria
815 290 946 332 Patri.
973 289 1037 331 Ci-

214 353 518 454 haggitffificas
538 420 698 460 panem
715 404 770 448 de
790 411 922 453 terra,
941 402 1040 444 alle·

213 466 309 517 luia.
348 467 393 516 le·.
417 465 474 506 Et
491 465 639 506 vinum
657 462 850 505 laetificet
870 472 947 502 cor
966 459 1040 500 ho-
1100 446 1143 484 *⁵42
1176 467 1197 481 2⁴·

213 522 350 572 minis,
371 521 553 573 alleluja.

491 602 559 639 Ad
581 603 764 639 Nonam.

272 667 365 705 Ant.
405 663 603 705 Vincenti
631 662 758 705 dabo.

302 727 558 778 Capitulum.
717 728 743 765 1.
761 730 856 767 (jor.
878 729 923 765 ll.
942 726 963 765 f.

298 787 531 839 uicumque
543 784 874 827 manducaverit
883 795 1043 836 panem

324 843 450 892 hunc,
474 843 544 885 vel
566 842 729 884 biberit
753 840 934 882 calicem
954 840 1041 880 Do-

213 901 319 942 mini
338 900 528 952 indigne:
550 912 651 941 reus
671 898 752 941 erit
769 897 978 950 Corporis
999 900 1043 938 et

214 957 445 1009 Sanguinis
464 956 654 998 Domini.

272 1018 318 1068 Ru.
335 1016 395 1057 br.
413 1017 589 1059 Educas
605 1029 764 1069 panem
784 1019 804 1054 .*
826 1014 894 1055 De
913 1018 1041 1055 terra.

213 1073 398 1116 Educas.
438 1069 485 1119 Y.
510 1074 567 1115 Et
586 1073 735 1114 vinum
753 1070 948 1113 laetfficet
967 1082 1043 1111 cor

213 1131 411 1172 hominis.
431 1131 510 1172 De.
539 1130 690 1171 Gloria
703 1128 835 1170 Patri.
854 1127 1042 1168 Educas.

215 1244 217 1248 ,
270 1188 319 1238 V.
367 1192 522 1233 Posuit
571 1191 680 1232 fines
725 1195 827 1232 tuos
876 1201 1043 1241 pacem.

220 1251 268 1301 Rg.
293 1249 350 1291 Et
369 1248 499 1301 adipe
519 1248 724 1290 frumenti
743 1246 874 1288 satiat
891 1250 946 1287 te.

406 1315 623 1366 Tempore
648 1314 854 1354 l‘aschali.

274 1377 320 1427 R».
343 1376 401 1416 br.
424 1372 600 1416 Educas
618 1386 779 1426 panem
799 1371 854 1414 de
872 1377 1001 1421 terra,
1022 1374 1043 1397 *

216 1430 419 1482 Alleluia,
451 1430 634 1483 alleluja.
676 1429 864 1471 Educas.
907 1425 957 1476 Y.
988 1428 1045 1470 Et

215 1487 362 1529 vinum
385 1487 580 1529 laetificet
599 1500 676 1529 cor
695 1486 894 1528 hominis.
929 1484 1044 1526 Alle-

216 1544 312 1596 luja,
333 1544 514 1596 alleluJa.
539 1544 690 1585 Gloria
704 1543 834 1584 Patri.
857 1541 1045 1584 Educas.

272 1599 321 1650 Y
350 1601 504 1642 Posuit
527 1600 636 1642 fines
661 1605 762 1642 tuos
784 1612 958 1652 pacem,
987 1598 1044 1640 al-

216 1656 357 1708 leluja.
391 1662 441 1712 R.
466 1657 524 1699 Et
544 1656 674 1709 adipe
694 1656 897 1697 frumenti
916 1656 1046 1698 satiat

216 1718 272 1762 te,
293 1713 475 1766 alleluja.

314 1826 316 1828 .
424 1787 485 1827 In
506 1786 567 1827 11.
586 1785 839 1836 vesperis.

274 1850 408 1882 (minin
436 1856 473 1884 ut
501 1850 534 1881 in
565 1848 586 1881 Ι,
615 1848 807 1890 Y'espcri's.
830 1846 923 1890 [239]

276 1901 322 1951 Y'.
357 1904 522 1946 Panem
559 1904 615 1946 de
652 1904 765 1946 coelo
801 1903 1047 1956 praestitisti

220 1960 295 2002 eis.
345 1963 392 2014 Ιζι.
431 1960 571 2002 Omne
604 1960 972 2002 delectamentum
1003 1960 1046 2000 in

220 2030 267 2059 se
287 2017 533 2059 habentem.

274 2081 342 2122 Ad
367 2081 537 2131 Magnif.
563 2083 659 2121 Ant.
689 2078 725 2117 Ο
752 2090 924 2119 sacrum
948 2090 1047 2119 con-

221 2135 396 2185 vivium,
414 2136 437 2161 *
456 2134 500 2175 in
521 2147 608 2187 quo
629 2134 829 2175 Christus
849 2133 1048 2184 sumitur3

221 2191 428 2233 recolitur
458 2191 671 2233 memoria
697 2190 915 2243 passionis
944 2191 1048 2242 ejus:

221 2261 343 2290 mens
379 2248 584 2301 impletur
620 2248 780 2299 gratia:
817 2251 861 2288 et
892 2247 1049 2289 futurae

221 2305 374 2355 gloriae
394 2305 521 2347 nobis
540 2305 698 2358 pignus
718 2304 857 2346 datur.

402 2402 438 2443 P
456 2415 477 2443 r
498 2415 524 2444 o
561 2402 596 2443 F
617 2415 640 2444 e
659 2414 681 2442 r
699 2401 713 2442 i
732 2414 758 2443 a
793 2401 869 2443 VI.

450 2469 625 2501 officium
653 2469 825 2502 votivum

303 2521 363 2562 de
387 2523 623 2564 Passione
648 2523 703 2563 D.
722 2522 777 2563 N.
796 2521 838 2562 J.
860 2521 972 2562 Chr.

506 2592 765 2635 Scmiduplex.

439 2659 499 2700 In
522 2660 557 2700 Ι.
583 2658 834 2710 vesperis.

280 2726 376 2763 Ant.
407 2725 599 2767 Calicem
619 2726 833 2767 salutaris.

612 198 785 230 Officium
814 197 984 231 votivum
1011 197 1056 230 dc
1086 197 1268 230 l‘assionc
1297 196 1337 229 l).
1361 195 1403 229 N.
1425 195 1457 228 J.
1479 197 1517 229 (ἶ,

1358 292 1555 332 Psalmus
1577 292 1654 331 115.

1101 347 1350 389 r
1393 351 1577 400 propter
1604 345 1724 399 quod
1746 344 1919 387 locutus

1098 434 1100 443 .
1127 403 1204 455 ‘'fg-3]
1227 417 1338 445 sum:
1357 404 1380 430 *
1401 416 1483 454 ego
1503 408 1649 445 autem
1666 401 1919 444 humiliatus

1223 474 1319 501 sum
1337 460 1476 501 nimis.

1145 517 1240 568 Ego
1256 516 1347 558 dixi
1360 517 1405 557 in
1416 517 1599 558 excessu
1608 528 1723 558 meo:
1733 517 1757 543 *
1768 515 1920 557 Omnis

1093 573 1226 615 homo
1246 572 1447 615 mendax.

1146 629 1262 680 Quid
1289 629 1527 672 retribuam
1554 629 1760 679 Domino,
1786 629 1810 654 *
1837 640 1920 681 pro

1095 686 1308 736 omnibuS‚
1327 699 1426 739 quae
1445 685 1648 728 retribuit
1665 683 1794 726 mihi?

1147 743 1339 785 Calicem
1365 742 1569 784 salutaris
1587 741 1816 794 accipiam:
1833 741 1858 768 *
1878 746 1922 783 et

1095 813 1255 842 nomen
1274 799 1451 841 Domini
1469 798 1700 841 invocabo.

1147 857 1266 899 Vota
1294 869 1392 898 mea
1418 856 1610 898 Damino
1640 853 1824 897 reddam
1851 867 1921 896 co-

1096 927 1190 956 ram
1217 914 1337 955 omni
1363 913 1530 966 papulo
1560 913 1665 965 ejus:
1685 912 1708 938 *
1727 911 1923 965 pretiosa

1095 971 1138 1012 in
1157 971 1399 1023 conspectu
1417 969 1595 1011 Damini
1611 981 1732 1010 mors
1753 969 1922 1010 sancto-

1095 1042 1191 1070 rum
1211 1028 1316 1078 eius:

1148 1085 1185 1126 O
1205 1083 1393 1125 Domine
1414 1084 1515 1136 quia
1534 1095 1616 1135 ego
1636 1095 1788 1124 servus
1807 1087 1923 1124 tuus:

1094 1142 1118 1168 *
1139 1153 1221 1193 ego
1242 1154 1396 1183 servus
1414 1145 1532 1191 tuus,
1558 1144 1601 1182 et
1619 1139 1734 1181 filius
1753 1138 1923 1180 ancillae

1094 1204 1193 1241 tuae.

1146 1253 1363 1307 Dirupisti
1386 1253 1560 1295 vincula
1583 1265 1696 1295 mea:
1714 1252 1739 1278 *
1757 1251 1838 1294 tibi
1857 1264 1921 1293 sa·

1096 1311 1303 1353 crificabo
1323 1310 1515 1352 hostiam
1533 1309 1686 1360 laudiS,
1705 1313 1749 1351 et
1763 1320 1923 1350 nomen

1096 1368 1275 1409 Domini
1293 1366 1521 1409 invocabo.

1148 1425 1267 1467 Vota
1303 1437 1403 1466 mea
1437 1423 1630 1465 Domino
1667 1421 1851 1465 reddam
1881 1422 1924 1463 in

1098 1483 1342 1534 conspectu
1369 1480 1510 1522 omnis
1535 1479 1691 1533 populi
1715 1480 1821 1532 ejus:
1838 1478 1863 1505 *
1882 1479 1926 1519 in

1099 1539 1221 1580 atriis
1240 1538 1398 1580 domus
1416 1537 1612 1587 Damini,
1632 1537 1677 1578 in
1695 1535 1841 1578 medio
1860 1535 1926 1577 tui

1098 1595 1352 1637 Jerusalem.

1154 1665 1251 1704 Ant.
1272 1660 1463 1702 Calicem
1480 1659 1683 1701 salutaris
1703 1659 1927 1712 accipiam,

1099 1722 1143 1759 et
1160 1730 1321 1760 nomen
1339 1716 1518 1758 Damini
1536 1715 1766 1758 invocabo.

1156 1788 1253 1826 Ant.
1284 1787 1391 1825 Cum
1409 1781 1488 1822 his.

1367 1860 1563 1901 Psalmu‘s
1585 1861 1662 1899 119.

1169 1930 1199 1972 d
1217 1929 1454 1971 Dominum
1473 1941 1574 1970 cum
1590 1927 1826 1970 tribularer
1844 1925 1927 1968 cla-

1219 1987 1351 2028 mavi:
1369 1987 1393 2013 *
1414 1990 1458 2028 et
1477 1984 1702 2027 exaudivit
1719 1996 1802 2025 me.

1151 2043 1340 2085 Damine
1362 2042 1502 2085 libera
1526 2041 1715 2083 animam
1738 2053 1882 2082 meam
1902 2053 1928 2081 a

1100 2101 1228 2142 labiis
1249 2099 1420 2152 iniquis,
1442 2100 1466 2127 *
1491 2103 1535 2140 et
1554 2111 1579 2140 a
1596 2097 1743 2148 lingua
1763 2096 1928 2139 dolosa.

1154 2156 1269 2208 Quid
1293 2157 1420 2199 detur
1443 2155 1539 2205 tibi,
1565 2159 1640 2196 aut
1666 2152 1772 2207 quid
1795 2166 1928 2206 appo-

1101 2216 1228 2256 natur
1248 2213 1329 2256 tibi
1348 2214 1372 2239 *
1392 2211 1449 2254 ad
1468 2212 1661 2263 linguam
1679 2209 1903 2252 dolosam?

1154 2271 1335 2321 Sagittae
1362 2269 1557 2323 potentis
1587 2271 1748 2318 acutae,
1778 2267 1803 2293 *
1831 2280 1929 2309 cum

1103 2327 1367 2370 carbonibus
1388 2325 1677 2368 desolatariis.

1154 2385 1254 2426 Heu
1280 2383 1403 2433 mihi,
1435 2382 1537 2435 quia
1563 2381 1779 2423 incolatus
1806 2393 1930 2422 meus

1103 2441 1391 2494 prolongatus
1416 2444 1496 2481 est:
1521 2438 1716 2480 habitavi
1739 2451 1838 2480 cum
1859 2437 1930 2478 ha-

1104 2496 1343 2539 bitantibus
1364 2495 1521 2538 Cedar:
1541 2496 1565 2522 *
1584 2495 1769 2536 multum
1787 2493 1932 2535 incola

1105 2554 1185 2595 fuit
1205 2554 1348 2595 anima
1366 2565 1474 2594 mea.

1159 2611 1268 2652 Cum
1304 2609 1391 2659 his,
1432 2608 1506 2661 qui
1542 2607 1731 2649 oderunt
1765 2619 1932 2660 pacem,

1106 2681 1224 2711 cram
1258 2666 1487 2719 pacificus:
1523 2666 1546 2690 *
1583 2677 1682 2706 cum
1718 2663 1933 2716 loquebar

1105 2725 1200 2775 illis,
1228 2722 1543 2776 impugnabant
1569 2734 1640 2763 me
1666 2721 1815 2772 gratis.
