2028 2892
212 256 263 307 V.
288 261 358 303 Ne
383 261 547 314 perdas
572 276 672 305 cum
696 265 840 317 impiis
866 266 987 307 Deus

159 316 348 358 animam
379 330 534 359 meam.
584 320 634 369 R.
664 319 722 361 Et
754 333 852 362 cum
883 322 987 363 viris

158 373 418 423 sanguinum
436 375 571 416 vitam
589 388 744 417 meam.

438 444 505 479 Ad
528 445 713 481 Nonam.

210 499 310 539 Ant.
354 498 562 542 Tulerunt
594 500 765 553 lapides
793 502 816 527 *
844 503 986 544 Judaei

156 556 205 593 ut
235 553 429 604 jacerent
458 556 501 596 in
536 569 649 597 eum:
682 557 809 598 Jesus
840 563 985 600 autem

156 607 389 652 abscendit
412 625 474 661 se,
500 617 544 653 et
570 614 704 655 exivit
729 613 783 655 de
807 615 983 667 templo.

209 674 468 726 Capitulum.
683 677 816 717 Hebr.
837 679 873 716 9.
895 678 932 718 d.

274 734 375 776 ideo
399 737 502 777 novi
526 738 798 780 Testamenti
822 740 982 781 media-

243 795 315 831 tor
333 796 414 833 est:
439 797 488 834 ut
506 799 648 836 morte
671 795 981 845 intercedente,

153 845 197 886 in
224 847 573 900 redemptienem
601 852 751 892 earum
778 852 981 903 praevari-

153 902 392 953 catienum,
430 917 529 956 quae
567 912 692 948 erant
727 907 808 948 sub
846 908 982 960 priori

152 957 448 1009 Testamento,
467 963 853 1013 repromissienem
872 966 980 1005 acci-

150 1014 289 1067 piant,
317 1016 391 1067 qui
410 1017 558 1058 vocati
577 1024 677 1060 sunt
698 1021 875 1061 aeternae
894 1019 980 1061 hae-

150 1069 351 1112 reditatis
379 1072 423 1112 in
453 1072 626 1115 Christo
654 1075 759 1116 Jesu
787 1076 978 1117 Demino

148 1131 314 1168 nostro.

200 1189 252 1240 R.
277 1188 339 1229 br.
379 1188 448 1230 Ne
478 1190 640 1241 perdas
666 1204 765 1232 cum
788 1192 931 1244 impiis
956 1197 977 1219 *

148 1242 269 1284 Deus
299 1244 487 1286 animam
513 1259 666 1287 meam.
707 1247 775 1289 Ne
807 1248 979 1300 perdas.

147 1294 199 1346 V.
222 1298 280 1340 Et
304 1312 403 1340 cum
428 1300 532 1342 viris
559 1303 818 1353 sanguinum
843 1304 978 1344 vitam

147 1367 300 1396 meam.
327 1356 461 1398 Deus.
494 1358 557 1399 Ne
575 1358 748 1410 perdas.

200 1413 250 1461 V.
273 1416 406 1468 Eripe
424 1430 495 1458 me
514 1418 704 1459 Demine
725 1419 780 1460 ab
800 1419 976 1461 hemine

146 1472 274 1512 malo.
303 1473 354 1524 R.
372 1473 414 1513 A
432 1473 527 1514 viro
546 1474 696 1526 iniquo
717 1476 838 1527 eripe
856 1489 937 1517 me.

374 1553 454 1593 Ad
480 1554 745 1605 vesperas.

197 1619 285 1654 Ant.
312 1624 348 1654 et
374 1620 435 1654 Ps.
461 1622 507 1655 de
532 1622 641 1657 Doni.
667 1620 746 1655 107.

201 1671 338 1722 Capit.
366 1671 556 1712 Fratres:
585 1672 794 1714 Christus.
818 1674 906 1713 189.

454 1738 663 1789 Hymnus.

262 1799 393 1842 exilla
410 1801 525 1852 regis
543 1801 780 1854 predeunt:

273 1856 431 1907 Fulget
450 1857 600 1899 Crucis
620 1859 884 1910 mysterium,

221 1911 318 1961 Qua
336 1913 425 1954 vita
443 1919 631 1955 mortem
648 1915 838 1967 pertulit,

222 1967 279 2009 Et
296 1973 438 2011 morte
456 1970 591 2011 vitam
609 1970 802 2022 pretulit.

173 2033 279 2081 Quae
298 2033 527 2075 vulnerata
546 2033 712 2075 lanceae

220 2088 431 2131 Mucrene
451 2089 558 2139 diro,
579 2090 806 2131 criminum

219 2144 279 2185 Ut
297 2157 378 2186 nos
397 2145 565 2186 lavaret
584 2145 798 2195 serdibus,

218 2200 414 2242 Manavit
431 2201 559 2250 unda,
581 2206 624 2242 et
647 2202 866 2252 sanguine.

170 2264 357 2316 Impleta
376 2269 478 2306 sunt
497 2278 595 2316 quae
615 2265 806 2306 cencinit

218 2320 364 2362 David
382 2320 503 2362 fideli
522 2321 723 2370 carmine,

218 2376 418 2418 Dicendo
438 2377 706 2417 nationibus:

219 2432 438 2482 Regnavit
457 2445 483 2473 a
500 2432 618 2483 ligno
636 2432 769 2473 Deus.

169 2494 311 2536 Arbor
329 2496 492 2538 decera
512 2502 555 2537 et
574 2496 747 2546 fulgida,

218 2551 384 2592 Ornata
403 2552 519 2602 regis
538 2555 742 2604 purpura,

217 2607 368 2648 Electa
388 2607 520 2658 digno
542 2608 690 2659 stipite

216 2662 328 2703 Tam
347 2668 498 2704 sancta
516 2663 711 2704 membra
730 2663 918 2712 tangere.

687 171 789 204 Infra
820 172 1111 207 Hebdomadam
1137 175 1347 210 Passionis.

1072 269 1215 318 Beata,
1235 271 1356 321 cujus
1375 270 1563 313 brachiis

1117 323 1312 365 Pretium
1330 328 1539 379 pependit
1559 331 1716 380 saeculi,

1117 378 1286 421 Statera
1307 381 1422 423 facta
1440 386 1647 436 cerporis,

1117 435 1324 487 Tulitque
1343 439 1539 489 praedam
1558 443 1720 483 tartari.

1070 498 1106 537 O
1128 498 1245 539 Crux
1264 513 1344 542 ave
1364 514 1465 554 spes
1484 504 1621 554 unica,

1115 554 1215 595 Hoc
1234 557 1449 607 passienis
1468 561 1666 611 tempore

1118 610 1205 651 Piis
1225 611 1394 663 adauge
1413 615 1604 665 gratiam,

1115 666 1309 719 Reisque
1328 668 1426 710 dele
1446 672 1635 712 crimina.

1066 730 1136 778 Te,
1157 730 1254 771 fons
1274 732 1424 773 salutis
1444 734 1645 784 Trinitas,

1114 785 1345 829 Collaudet
1364 789 1504 830 omnis
1523 792 1715 842 spiritus:

1115 842 1281 891 Quibus
1303 844 1453 885 Crucis
1473 846 1699 887 victoriam

1111 898 1312 949 Largiris,
1333 899 1446 941 adde
1465 903 1704 953 praemium.

1345 956 1497 997 Amen.

1092 1012 1138 1060 ,Χ’.
1159 1014 1291 1066 Eripe
1313 1028 1382 1056 me
1401 1017 1587 1058 Demine
1608 1018 1661 1058 ab
1682 1018 1855 1060 homine

1034 1070 1161 1110 malo.
1192 1073 1240 1123 lx'g.
1259 1072 1298 1111 A
1319 1071 1413 1112 viro
1432 1072 1580 1124 iniquo
1601 1074 1719 1125 eripe
1740 1087 1820 1115 me.

1088 1135 1158 1175 Ad
1183 1135 1357 1186 Magnis.
1397 1138 1495 1177 Ant.
1543 1137 1758 1178 Abraham
1783 1151 1855 1190 pa-

1032 1194 1099 1230 ter
1126 1195 1272 1231 vester
1299 1191 1322 1215 *
1352 1191 1586 1233 exsultavit
1614 1198 1661 1234 ut
1688 1193 1856 1234 videret

1034 1245 1150 1286 diem
1169 1259 1328 1288 meum:
1347 1247 1465 1297 vidit,
1486 1253 1528 1289 et
1546 1251 1720 1298 gavisus
1740 1255 1815 1290 est.

1088 1314 1244 1357 Hymni,
1276 1310 1357 1355 ΧΧ.
1384 1322 1419 1349 et
1450 1317 1525 1359 ΝΗ.
1553 1318 1604 1350 br.
1637 1320 1855 1360 supradicta
1906 1319 1908 1323 ’

1035 1362 1213 1395 dicuntur
1248 1364 1360 1396 ctiam
1398 1364 1435 1396 in
1473 1364 1672 1398 Dominica
1711 1366 1856 1399 l‘alina-

1033 1420 1133 1447 runi,
1166 1414 1201 1443 et
1235 1410 1270 1442 in
1305 1411 1426 1443 feriali
1460 1411 1613 1450 Officio,
1656 1424 1774 1455 usque
1808 1416 1852 1447 ad

1032 1456 1181 1489 Feriam
1208 1457 1269 1490 1Χῖ
1297 1458 1450 1499 majoris
1479 1459 1750 1493 Hebdomada:

1083 1512 1176 1545 Post
1195 1512 1387 1556 Vesperas
1414 1515 1488 1548 dici
1516 1516 1693 1549 dicuntur
1712 1517 1853 1559 Vespe-

1032 1559 1084 1592 r'ae
1109 1560 1393 1595 Defunctorum.

1233 1662 1381 1698 Feria
1409 1661 1644 1698 Secunda.

1084 1718 1232 1752 Invitat.
1271 1724 1305 1753 ct
1343 1720 1516 1762 Hymnus
1556 1727 1595 1755 ut
1634 1722 1667 1754 in
1705 1723 1849 1756 Domin.

1031 1766 1241 1799 Passionis.
1263 1765 1337 1800 185.

1083 1818 1168 1851 Ant.
1204 1824 1239 1852 et
1275 1819 1332 1853 l’s.
1366 1820 1488 1854 Fcriae
1521 1821 1565 1853 ll.
1607 1831 1690 1854 eum
1726 1816 1767 1861 Χ,
1804 1822 1849 1855 de

1028 1870 1200 1908 tempore
1224 1866 1435 1917 Passionis.

1028 1923 1178 1964 Lectio
1204 1923 1343 1964 sancti
1360 1923 1584 1973 Evangelii
1610 1922 1846 1963 secundum

1326 1978 1548 2019 Joannem.

1132 2041 1281 2081 Lectio
1303 2043 1326 2081 i.
1535 2044 1635 2093 Cap.
1656 2043 1690 2081 7.
1711 2056 1743 2083 c.
1814 2091 1823 2099 ⁸

1022 2089 1100 2194 In
1123 2093 1199 2135 illo
1219 2095 1433 2146 tempore:
1457 2093 1666 2134 Miserunt
1687 2093 1842 2143 princi-

1083 2162 1162 2201 pes
1182 2154 1225 2190 et
1241 2149 1446 2201 pharisaei
1459 2149 1689 2195 ministros,
1707 2151 1755 2187 ut
1768 2159 1841 2198 ap·

1021 2205 1344 2256 prehenderent
1360 2205 1385 2245 J
1387 2217 1520 2246 esum.
1546 2204 1603 2244 Et
1621 2203 1798 2254 reliqua.

1024 2274 1210 2315 Homilia
1225 2274 1362 2315 sancti
1376 2272 1605 2323 Augustini
1620 2271 1840 2323 Episcopi.

1099 2335 1222 2368 Tract.
1246 2336 1296 2368 31.
1324 2335 1358 2368 in
1385 2334 1520 2367 Joann.
1546 2334 1645 2367 circa
1672 2335 1767 2367 med.

1026 2384 1305 2465 ffffluemodo
1351 2382 1728 2435 apprehenderent
1766 2383 1838 2424 ad-

1027 2438 1066 2471 [Q
1084 2435 1103 2470 '¹3
1130 2441 1214 2481 huc
1233 2437 1473 2480 nolentem?
1498 2438 1607 2487 Quia
1626 2450 1731 2488 ergo
1751 2451 1839 2480 non

1017 2498 1222 2547 peterant
1252 2492 1580 2547 apprehendere
1607 2493 1837 2543 nolentem,

1016 2551 1137 2591 missi
1165 2555 1265 2591 sunt
1291 2554 1338 2590 ut
1370 2548 1570 2590 audirent
1596 2548 1835 2590 docentem.

984 2620 987 2625 ·
1018 2605 1133 2655 Quid
1152 2602 1403 2647 docentem?
1430 2603 1550 2645 Dicit
1569 2617 1674 2654 ergo
1693 2605 1717 2644 J
1720 2617 1835 2645 esus:

1015 2661 1172 2702 Adhuc
1190 2659 1408 2701 medicum
1421 2664 1594 2711 tempus
1608 2659 1833 2700 vobiscum
