2028 2892
170 188 237 224 274

172 285 298 326 stolis
315 296 397 336 per
414 283 624 335 Spiritum
650 289 865 335 sanctum,
892 298 1003 337 quos

172 341 319 390 elegit,
357 342 611 391 assumptus
643 345 725 381 est:
764 341 922 393 quibus
960 347 1004 382 et

171 396 362 449 praebuit
388 397 581 447 seipsum
605 396 753 437 vivum
777 402 881 449 post
906 410 1003 449 pas-

172 452 340 493 sienem
360 463 485 491 suam
503 451 546 491 in
562 451 711 493 multis
726 454 1004 503 argumentis,

171 521 250 560 per
270 507 364 548 dies
385 506 675 559 quadraginta
695 511 914 561 apparens
930 510 1003 559 eis,

172 569 216 605 et
240 563 426 615 loquens
451 562 506 604 de
534 576 669 614 regno
692 564 787 605 Dei.
828 565 885 606 Et
904 577 1003 606 con·

171 621 371 668 vescens,
393 620 608 672 praecepit
628 620 692 661 eis
711 620 766 661 ab
785 621 1004 673 Jerosoly-

170 676 254 716 mis
272 688 326 717 ne
351 674 645 724 discederent,
673 676 753 717 sed
777 679 1004 729 exspecta-

172 736 268 772 rent
303 731 642 783 promissionem
675 732 834 781 Patris,
872 745 1004 784 quam

172 786 357 828 audistis
377 787 546 838 (inquit)
560 799 641 839 per
657 799 707 828 os
721 800 882 828 meum:
903 789 1004 840 quia

171 843 364 883 Joannes
398 841 576 894 quidem
606 842 851 895 baptizavit
879 857 1004 896 aqua,

172 911 253 939 vos
289 904 435 939 autem
472 898 803 950 baptizabimini
838 900 1003 952 Spiritu

173 960 326 996 sancto
354 966 440 994 non
469 958 572 1006 post
598 954 761 996 multos
789 955 870 996 hos
897 955 1003 997 dies.

172 1011 310 1061 Igitur
330 1011 405 1062 qui
426 1012 738 1060 convenerant,
762 1011 1002 1063 interroga-

172 1066 278 1107 bant
304 1079 419 1114 eum,
448 1065 658 1107 dicentes:
685 1066 875 1109 Demine
900 1068 936 1108 si
959 1069 1003 1109 in

169 1124 370 1174 tempore
395 1122 479 1163 hoc
507 1124 712 1164 restitues
736 1136 918 1174 regnum
941 1125 1002 1165 Is-

171 1176 282 1219 rael?
310 1178 434 1218 Dixit
454 1182 600 1219 autem
621 1178 698 1219 eis:
720 1179 822 1220 Non
847 1185 914 1221 est
932 1193 1002 1222 ve-

171 1239 309 1275 strum
332 1246 465 1274 nosse
489 1235 693 1286 tempora
716 1235 786 1276 vel
810 1237 1002 1277 momen-

119 1294 121 1296 ’
170 1294 232 1338 ta,
262 1302 360 1341 quae
379 1289 511 1330 Pater
533 1290 683 1341 pesuit
706 1290 750 1330 in
777 1303 855 1332 sua
879 1296 1002 1343 pote-

171 1347 301 1386 state:
331 1344 410 1386 sed
439 1345 668 1397 accipietis
696 1346 906 1388 virtutem
935 1361 1002 1389 su-

170 1401 465 1452 pervenientis
481 1401 670 1453 Spiritus
689 1403 830 1444 sancti
848 1403 891 1443 in
911 1416 1002 1453 vos,

171 1461 216 1497 et
243 1457 363 1497 eritis
388 1456 494 1497 mihi
518 1461 656 1498 testes
680 1458 724 1498 in
747 1458 1003 1509 Jerusalem,

171 1517 215 1553 et
240 1512 283 1552 in
309 1513 426 1553 omni
451 1512 622 1563 Juda'ea,
651 1519 695 1555 et
718 1514 931 1565 Samaria,
960 1520 1004 1557 et

171 1580 310 1620 usque
329 1567 387 1609 ad
404 1568 606 1610 ultimum
624 1574 767 1610 terrae.

224 1628 270 1676 lx'g.
300 1624 475 1666 Virtute
495 1637 664 1675 magna.
682 1626 777 1666 262.

484 1682 633 1721 Lectio
655 1683 692 1720 ii.

248 1739 267 1776 t
290 1747 390 1776 cum
408 1735 504 1776 haec
524 1735 723 1786 dixisset,
751 1736 1002 1778 videntibus

271 1790 373 1839 illis,
419 1790 616 1832 elevatus
656 1796 736 1833 est:
782 1797 827 1833 et
862 1792 1002 1834 nubes

171 1846 366 1898 suscepit
410 1859 510 1887 eum
551 1846 607 1888 ab
653 1847 793 1889 oculis
838 1850 1001 1889 eorum.

173 1902 372 1954 Cumque
422 1902 696 1944 intuerentur
744 1904 788 1943 in
840 1903 1001 1945 coelum

172 1961 347 1999 euntem
366 1957 504 2007 illum,
524 1970 627 1999 ecce
647 1958 735 1999 duo
755 1959 836 1999 viri
855 1960 1001 2001 astite-

171 2019 272 2055 runt
305 2014 424 2064 juxta
456 2013 554 2054 illos
582 2014 626 2054 in
656 2014 852 2056 vestibus
880 2015 1002 2065 albis,

172 2070 247 2121 qui
273 2074 317 2111 et
341 2068 557 2110 dixerunt:
585 2069 682 2111 Viri
705 2070 876 2111 Galilaei
897 2071 1002 2122 quid

171 2125 298 2166 statis
326 2125 590 2177 aspicientes
616 2126 659 2166 in
689 2125 875 2167 coelum?
918 2127 1002 2168 Hic

171 2181 299 2222 Jesus
332 2181 407 2233 qui
439 2184 693 2233 assumptus
726 2187 794 2223 est
822 2195 847 2223 a
874 2182 1002 2223 vobis

172 2237 214 2277 in
242 2237 418 2287 coelum,
445 2237 508 2278 sic
534 2238 694 2287 veniet,
722 2238 1001 2290 quemadmo-

173 2291 277 2333 dum
307 2292 480 2334 vidistis
513 2306 612 2334 eum
640 2296 817 2335 euntem
844 2294 887 2334 in
916 2307 1001 2335 coe-

172 2347 271 2388 lum.
312 2349 438 2389 Tunc
463 2348 629 2390 reversi
657 2354 758 2390 sunt
784 2350 808 2390 J
812 2350 1002 2401 erosoly-

172 2416 288 2444 mam
308 2417 333 2444 a
351 2409 512 2454 monte,
533 2404 608 2456 qui
627 2406 811 2446 vocatur
830 2405 1002 2454 oliveti,

175 2459 249 2510 qui
282 2465 348 2500 est
379 2460 498 2510 juxta
532 2460 791 2510 Jerusalem,
830 2460 1002 2502 sabbati

172 2513 339 2555 habens
359 2515 450 2556 iter.
483 2516 540 2557 Et
560 2528 660 2557 cum
683 2517 938 2558 introissent
959 2518 1002 2557 in

174 2570 464 2619 coenaculum,
497 2570 789 2613 ascenderunt
816 2571 891 2613 ubi
915 2585 1002 2613 ma-

173 2623 335 2666 nebant
354 2626 509 2667 Petrus
529 2632 574 2668 et
587 2628 791 2676 Ioannes,
810 2627 835 2667 J
837 2627 1003 2668 acubus

174 2684 218 2721 et
239 2678 452 2729 Andreas,
476 2682 706 2735 Philippus
731 2688 775 2725 et
797 2682 1002 2733 Thomas,

588 195 684 227 Infra
711 195 1002 228 llebdfflnudum
1033 196 1051 228 i.
1079 200 1166 237 post
1192 195 1271 229 Oct.
1298 196 1468 229 Paschae.

1054 284 1408 326 Bartholomaeus
1428 290 1472 326 et
1490 285 1743 336 Matthaeus,
1762 285 1787 326 J
1789 287 1886 327 ace-

1054 341 1138 382 bus
1165 341 1342 394 Alphaei
1370 346 1414 383 et
1441 341 1592 383 Simon
1620 341 1816 391 Zeletes,
1843 347 1888 384 et

1055 397 1079 437 J
1082 396 1191 438 udas
1205 397 1229 437 J
1232 397 1370 438 acebi.
1398 397 1458 438 Hi
1476 409 1629 438 omnes
1649 402 1773 438 erant
1791 409 1886 450 per-

1057 449 1310 494 seirerAntes
1333 453 1595 494 unanimiter
1618 453 1662 493 in
1687 453 1887 494 oratione

1057 521 1155 549 cum
1192 508 1463 558 mulieribus,
1500 513 1545 550 et
1574 508 1714 556 Maria
1748 514 1887 550 matre

1056 565 1080 605 J
1084 577 1172 614 esu,
1193 570 1237 606 et
1255 564 1466 606 fratribus
1486 565 1587 616 eius,

1110 626 1157 676 R.
1186 621 1253 662 De
1274 633 1351 661 ore
1370 619 1612 672 prudentis.
1629 621 1724 661 262.

1359 683 1509 723 Lectio
1530 683 1584 721 iii.

1102 745 1131 772 n
1160 730 1316 773 diebus
1348 731 1434 772 illis
1463 735 1703 782 exsurgens
1729 732 1888 773 Petrus

1054 734 1158 838 Iin
1177 787 1324 829 medio
1343 787 1537 837 fratrum,
1557 787 1668 829 dixit
1687 791 1796 834 (erat
1816 800 1887 828 au-

1056 848 1146 885 tem
1164 843 1295 885 turba
1308 843 1534 884 huminum
1549 843 1679 885 simul
1692 843 1784 885 fere
1798 856 1890 885 cen-

1055 905 1150 941 tum
1175 900 1352 951 viginti).
1388 899 1485 941 Viri
1509 900 1681 949 fratres,
1710 901 1889 952 opertet

1055 955 1227 1007 impleri
1254 955 1543 1008 Scripturam‚
1572 969 1704 1008 quam
1731 955 1887 1008 praedi-

1056 1012 1120 1052 xit
1143 1011 1330 1064 Spiritus
1359 1016 1537 1052 sanctus
1561 1024 1641 1064 per
1666 1023 1716 1052 os
1741 1011 1888 1053 David

1057 1067 1112 1109 de
1134 1067 1266 1117 Juda,
1295 1068 1370 1120 qui
1395 1067 1476 1108 fuit
1501 1066 1590 1108 dux
1617 1069 1785 1117 eorum,
1814 1068 1888 1119 qui

1057 1122 1487 1176 comprehenderunt
1505 1123 1529 1163 J
1532 1135 1668 1164 esum:
1693 1123 1768 1175 qui
1787 1135 1887 1164 con-

1056 1181 1310 1220 numeratus
1336 1184 1430 1220 erat
1454 1179 1498 1220 in
1521 1178 1667 1228 nobis,
1696 1184 1740 1220 et
1763 1181 1888 1221 sorti-

1056 1240 1127 1276 tus
1147 1240 1215 1277 est
1233 1240 1398 1276 sortem
1416 1235 1645 1276 ministerii
1662 1234 1799 1286 hujus.
1832 1235 1889 1277 Et

1056 1291 1126 1333 hic
1173 1289 1350 1343 quidem
1393 1290 1594 1343 possedit
1637 1304 1790 1341 agrum
1832 1290 1888 1333 de

1055 1346 1260 1389 mercede
1285 1347 1548 1399 iniquitatis,
1576 1352 1620 1388 et
1645 1349 1888 1399 suspensus

1057 1403 1226 1456 crepuit
1250 1402 1438 1444 medius:
1466 1407 1511 1444 et
1535 1401 1695 1444 diffusa
1718 1407 1821 1444 sunt
1844 1405 1887 1444 ό-

1056 1460 1173 1500 mnia
1205 1461 1373 1500 viscera
1406 1459 1508 1510 ejus.
1556 1458 1614 1499 Et
1644 1463 1798 1500 notum
1829 1458 1888 1499 fa-

1056 1520 1175 1556 etum
1194 1519 1262 1556 est
1282 1514 1484 1555 emnibus
1503 1513 1806 1556 habitantibus
1820 1514 1845 1555 J
1847 1527 1887 1556 e-

1055 1570 1261 1620 rusalem,
1295 1570 1355 1611 ita
1383 1575 1430 1611 ut
1459 1569 1756 1623 appellaretur
1785 1583 1889 1622 ager

1056 1625 1139 1676 ille,
1159 1626 1307 1676 lingua
1323 1627 1486 1676 eorum,
1501 1625 1783 1676 Haceldama,
1802 1625 1888 1667 hoc

1057 1686 1140 1731 est,
1175 1694 1279 1733 ager
1303 1681 1537 1732 sunguinis.
1577 1682 1799 1734 Scriptum
1821 1687 1889 1723 est

1057 1737 1173 1778 enim
1212 1737 1256 1777 in
1297 1736 1412 1778 libro
1453 1736 1745 1778 Psalmorum:
1790 1737 1888 1779 Fiat

1056 1793 1346 1834 commoratio
1366 1794 1521 1834 eorum
1537 1792 1722 1842 deserta,
1743 1798 1787 1834 et
1800 1805 1888 1834 non

1056 1849 1112 1889 sit
1140 1849 1215 1900 qui
1242 1847 1458 1890 inhabitet
1482 1849 1525 1889 in
1552 1861 1618 1890 ea:
1646 1853 1690 1890 et
1718 1849 1887 1901 episco-

1055 1906 1207 1956 patum
1227 1905 1318 1956 ejus
1338 1904 1527 1956 accipiat
1546 1903 1667 1946 alter.
1697 1904 1887 1957 Opertet

1056 1972 1160 2010 ergo
1194 1972 1249 2001 ex
1283 1959 1352 2000 his
1384 1959 1507 2009 viris,
1547 1959 1622 2012 qui
1658 1959 1888 2002 nobiscum

1057 2020 1159 2057 sunt
1183 2015 1439 2066 congregati
1464 2015 1509 2055 in
1534 2016 1653 2057 omni
1675 2018 1887 2069 tempore,

1057 2083 1144 2122 quo
1164 2071 1344 2113 intravit
1364 2076 1408 2113 et
1427 2071 1561 2112 exivit
1576 2071 1688 2113 inter
1702 2085 1784 2113 nos
1799 2072 1887 2113 De-

1055 2127 1199 2168 minus
1216 2127 1241 2167 J
1244 2139 1354 2176 esus,
1373 2127 1587 2179 incipiens
1608 2139 1633 2168 a
1651 2127 1887 2180 baptisma-

1055 2187 1099 2224 te
1117 2182 1299 2223 Joannis
1320 2195 1460 2234 usque
1484 2183 1527 2222 in
1552 2181 1683 2232 diem,
1713 2196 1798 2235 qua
1822 2196 1887 2224 as·

1055 2241 1258 2290 sumptus
1277 2243 1344 2279 est
1363 2250 1388 2279 a
1406 2238 1550 2288 nobis,
1569 2243 1727 2280 testem
1746 2251 1887 2281 resur-

1056 2294 1263 2335 rectionis
1283 2295 1374 2345 ejus
1395 2293 1627 2335 nobiscum
1642 2294 1737 2336 fieri
1752 2308 1886 2336 unum

1056 2362 1111 2390 ex
1138 2349 1246 2391 istis.
1290 2349 1347 2390 Et
1375 2351 1623 2391 statuerunt
1651 2349 1783 2399 duos,
1814 2350 1886 2391 Jo-

1057 2405 1178 2458 seph,
1199 2405 1274 2456 qui
1292 2405 1536 2446 vocabatur
1555 2405 1791 2454 Barsabas,
1813 2406 1887 2457 qui

1057 2461 1391 2511 cognominatus
1424 2465 1492 2502 est
1523 2460 1689 2502 Justus:
1723 2466 1767 2502 et
1797 2461 1885 2502 Ma-

1056 2517 1203 2558 thiam.
1256 2517 1314 2557 Et
1350 2518 1526 2558 orantes
1562 2515 1782 2557 dixerunt:
1817 2517 1886 2558 Tu

1057 2573 1260 2621 Demine‚
1287 2572 1362 2623 qui
1385 2571 1521 2613 corda
1543 2572 1659 2613 nosti
1682 2573 1886 2622 emnium,

1058 2627 1252 2676 ostende,
1273 2640 1404 2679 quem
1424 2627 1608 2678 elegeris
1629 2639 1682 2668 ex
1698 2627 1765 2668 his
1781 2627 1886 2669 duo-

1057 2683 1140 2725 bus
1160 2697 1294 2725 unum
1313 2685 1513 2735 accipere
1530 2683 1676 2724 locum
1693 2683 1885 2725 ministe-
