2028 2892
574 175 643 208 Dic
668 176 718 209 25.
744 177 879 210 Martii.
930 177 970 209 ln
997 177 1298 210 Annuntiutionc
1324 177 1363 209 B.
1390 177 1435 210 M.
1462 178 1502 209 Y.

187 272 209 294 *
232 266 349 306 Dum
376 265 514 315 Virgo
541 266 685 307 Deum
718 272 763 308 et
788 267 1009 310 hominem

180 321 383 371 genuisti,
410 326 453 362 et
477 326 580 373 post
598 326 772 374 partum
791 323 930 374 Virgo
948 324 1008 364 in-

180 376 343 416 violata
377 377 667 428 permansisti.
711 375 761 426 Y.
789 378 929 419 Beata
961 391 1008 420 es

181 444 281 482 quae
302 430 545 483 credidistiq
566 432 666 484 quia
688 433 884 484 perfecta
908 438 1009 475 sunt

181 499 252 536 ea,
282 500 380 539 quae
405 487 523 530 dicta
547 493 648 529 sunt
665 488 745 529 tibi
764 502 789 530 a
807 490 1008 530 Domino.

182 542 309 584 Dum.
340 542 490 584 Glaria
507 544 637 586 Patri.
665 544 792 585 Dum.

236 610 277 642 ln
306 610 540 650 Ouudragc&
558 610 689 643 Lectio
708 610 756 642 ix.
776 611 821 643 dc
843 610 1010 643 llomih'a

185 664 218 689 ct
245 667 439 690 commem.
466 657 587 690 Feri&
612 658 648 689 in
674 657 886 699 Laudiluffiy:
912 658 1009 691 alias

484 712 635 753 Lectio
659 713 711 751 ix.

183 763 359 867 Tanti
392 777 579 816 namque
614 764 810 805 mandati
846 767 1003 818 myste-

274 820 386 861 rium
407 832 495 860 non
514 819 703 860 hominis
718 820 808 869 fuit,
828 821 907 862 sed
920 822 1007 862 An-

178 875 266 926 geli
294 887 371 916 ore
398 874 700 927 promandum.
742 875 890 918 Hodie
921 878 1006 929 pri-

179 944 299 971 mum
317 930 506 972 auditur:
530 930 719 982 Spiritus
744 937 920 974 sanctus
940 947 1006 974 su-

179 986 407 1038 perveniet
425 986 469 1026 in
487 990 542 1027 te.
571 986 628 1027 Et
647 986 837 1037 auditur,
857 993 901 1030 et
920 990 1007 1029 cre-

180 1040 308 1082 ditur.
347 1042 566 1093 Denique,
594 1042 724 1091 Ecce,
752 1043 908 1095 inquit,
937 1057 1007 1084 an-

180 1096 279 1137 cilla
310 1097 508 1137 Damini:
546 1099 771 1147 contingat
806 1099 912 1139 mihi
944 1112 1008 1140 se-

181 1152 372 1193 cundum
435 1152 619 1194 verbum
684 1157 817 1194 tuum.
891 1154 1007 1196 Vide

180 1207 489 1256 humilitatem,
552 1207 653 1250 vide
716 1208 1007 1252 devotionem.

179 1263 396 1304 Ancillam
438 1277 485 1306 se
526 1264 633 1306 dicit
671 1265 865 1315 D6mini,
908 1279 1006 1318 quae

180 1324 320 1360 mater
349 1319 533 1370 eligitur:
569 1332 651 1361 nec
679 1324 907 1372 repentino
937 1335 1006 1363 ex-

180 1374 316 1416 altata
334 1378 554 1427 promisso
575 1380 652 1416 est.

236 1431 295 1471 Te
314 1431 458 1472 Deum
476 1430 717 1472 laudamus.
737 1432 796 1472 15.

442 1505 522 1546 Ad
547 1505 745 1547 Laudes

406 1572 452 1598 ct
486 1576 577 1608 per
610 1566 791 1599 Horas.

237 1626 335 1664 Ant.
358 1627 385 1664 1.
416 1624 573 1664 Missus
596 1629 663 1665 est
680 1625 704 1650 *
723 1623 904 1665 Gabriel
922 1625 1008 1664 An-

179 1679 305 1730 gelus
320 1678 377 1720 ad
386 1680 569 1720 Mariam
578 1679 806 1730 Virginem
821 1679 1008 1732 despon-

180 1737 322 1776 satam
340 1735 364 1775 J
367 1734 517 1787 oseph.

240 1795 303 1833 l's.
330 1795 542 1835 Dominus
560 1795 770 1845 regnavit.
788 1797 847 1835 16.

236 1856 271 1893 2.
295 1855 386 1895 Ave
400 1853 549 1903 Maria,
563 1855 588 1881 *
601 1854 742 1905 gratia
759 1853 901 1906 plena,
919 1854 1008 1894 Do-

179 1909 322 1950 minus
339 1915 500 1951 tecum:
528 1909 762 1952 benedicta
783 1915 832 1952 tu
854 1910 898 1950 in
916 1923 1007 1950 mu-

180 1964 371 2007 lieribus.

234 2026 271 2063 3.
299 2025 364 2067 Ne
390 2028 547 2068 timeas
573 2026 728 2067 Maria:
753 2026 777 2051 *
802 2026 1008 2067 invenisti

179 2082 366 2131 gratiam
385 2082 504 2135 apud
518 2082 772 2123 Daminum:
790 2094 893 2123 eece
909 2094 1008 2123 con-

180 2138 317 2190 cipies
337 2143 381 2180 et
399 2139 545 2191 paries
562 2138 711 2179 filium.

235 2200 272 2238 4.
314 2198 447 2241 Dabit
485 2199 526 2240 ei
555 2198 772 2239 Dominus
803 2198 827 2223 *
858 2198 1010 2240 sedem

179 2254 326 2296 David
351 2255 492 2307 patris
518 2255 626 2306 eius,
665 2258 709 2295 et
735 2254 937 2304 regnabit
964 2256 1008 2295 in

180 2313 402 2353 aeternum.

235 2370 271 2407 ἴ).
314 2369 429 2411 Ecce
465 2369 623 2411 ancilla
653 2369 845 2410 Domini:
877 2371 902 2396 *
932 2371 1010 2413 fiat

180 2424 285 2465 mihi
303 2425 544 2467 secundum
560 2425 745 2467 verbum
762 2430 897 2467 tuum.

264 2485 520 2534 Capitulum.
704 2486 829 2525 lsaiae
845 2486 881 2525 7.
897 2499 930 2526 e.

261 2551 337 2580 cce
368 2541 493 2591 virgo
531 2541 752 2593 concipiet
788 2545 832 2582 et
863 2542 1009 2593 pariet

273 2594 421 2645 filium,
441 2602 484 2638 et
498 2596 730 2638 vocabitur
742 2609 902 2638 nomen
918 2598 1008 2649 eius

181 2649 449 2693 Emmanuel.
482 2652 698 2704 Butyrum
721 2657 766 2695 et
787 2652 875 2694 mel
893 2655 1009 2694 com-

1061 267 1177 318 edet,
1194 273 1243 309 ut
1262 269 1372 309 sciat
1389 267 1630 320 reprobare
1647 266 1824 316 malum,
1844 271 1889 308 et

1062 323 1223 374 eligere
1243 323 1418 365 bonum.

1374 389 1583 437 Hymnus.

1208 446 1402 498 gloriosa
1420 446 1648 497 virginum,

1228 502 1434 544 Sublimis
1452 502 1564 543 inter
1583 501 1737 550 sidera,

1166 558 1250 607 Qui
1269 563 1313 599 te
1333 557 1508 606 creavit,
1527 557 1759 609 parvulum

1163 613 1374 655 Lactente
1392 612 1532 653 nutris
1549 612 1696 654 ubere.

1118 684 1247 735 Quod
1265 686 1391 727 Heva
1409 685 1546 726 tristis
1566 685 1755 734 abstulit,

1163 742 1233 782 Tu
1253 740 1402 782 reddis
1420 740 1537 782 almo
1555 740 1762 791 germine:

1163 797 1334 838 Intrent
1352 801 1402 837 ut
1420 801 1539 837 astra
1557 795 1737 844 flebiles

1166 852 1278 893 Coeli
1296 851 1486 893 recludis
1507 851 1717 893 cardines.

1116 925 1180 965 Tu
1198 924 1314 974 regis
1334 923 1411 964 alti
1431 924 1570 974 janua,

1164 980 1221 1020 Et
1240 979 1339 1020 aula
1357 979 1467 1020 lucis
1485 978 1665 1029 ffilgida:

1162 1035 1312 1076 Vitam
1333 1034 1481 1076 datam
1498 1034 1822 1087 per-Virginem

1165 1091 1331 1132 Gentes
1350 1090 1594 1142 redemptae
1613 1089 1821 1142 plaudite.

1115 1164 1225 1212 Jesu,
1244 1162 1324 1204 tibi
1342 1163 1399 1204 sit
1416 1162 1566 1212 gloria,

1165 1219 1249 1269 Qui
1267 1223 1394 1259 natus
1415 1231 1462 1259 es
1482 1217 1537 1259 de
1555 1218 1748 1269 Virgine,

1164 1275 1274 1316 Cum
1291 1274 1433 1323 Patre,
1453 1277 1497 1315 et
1515 1273 1631 1314 almo
1650 1274 1812 1326 Spiritu

1164 1331 1215 1371 In
1238 1330 1506 1382 sempiterna
1529 1329 1701 1371 saecula.
1735 1330 1889 1371 Amen.

1118 1385 1167 1435 V.
1217 1390 1314 1431 Ave
1358 1389 1513 1438 Maria,
1563 1389 1704 1440 gratia
1747 1389 1890 1441 plena.

1066 1447 1116 1497 R'·
1139 1446 1355 1487 Dominus
1378 1449 1535 1486 tecum.

1118 1510 1188 1551 Ad
1220 1511 1378 1551 Bcned.
1415 1511 1515 1550 Ant.
1552 1509 1788 1558 Quomodo
1815 1509 1892 1551 fiet

1061 1565 1179 1607 istud
1197 1564 1367 1615 Angele
1389 1564 1491 1614 Dei,
1520 1565 1728 1615 quoniam
1750 1565 1891 1613 virum

1061 1633 1150 1662 non
1169 1620 1414 1672 cognosco?
1442 1618 1562 1661 Audi
1580 1621 1719 1661 Maria
1736 1621 1890 1672 Virgo:

1061 1677 1250 1729 Spiritus
1274 1682 1452 1717 sanctus
1476 1677 1756 1728 superveniet
1772 1677 1817 1718 in
1835 1682 1889 1726 te,

1063 1737 1108 1773 et
1121 1733 1260 1773 virtus
1275 1731 1489 1773 Altissimi
1503 1731 1786 1774 obumbrabit
1800 1733 1890 1775 tibi.

1402 1790 1565 1830 Oratio.

1066 1846 1245 1950 DeUS,
1274 1848 1349 1899 qui
1373 1847 1429 1889 de
1451 1847 1596 1889 beatae
1619 1847 1770 1890 Mariae
1793 1849 1891 1891 Vir-

1156 1903 1270 1955 ginis
1289 1906 1415 1944 utero
1434 1902 1632 1945 Verbum
1650 1908 1785 1954 tuum,
1803 1905 1891 1946 An-

1061 1960 1161 2010 gelo
1189 1959 1437 2009 nuntiante,
1464 1972 1641 2001 carnem
1668 1963 1891 2013 suscipere

1062 2015 1255 2057 voluisti:
1290 2019 1454 2068 praesta
1485 2015 1758 2067 supplicibus
1789 2017 1891 2067 tuis;

1060 2076 1110 2112 ut
1142 2071 1217 2123 qui
1248 2084 1352 2113 vere
1383 2083 1480 2112 eam
1510 2071 1780 2113 Genitricem
1806 2072 1891 2114 Dei

1061 2127 1291 2176 credimus
1311 2127 1402 2178 ejus
1421 2126 1539 2179 apud
1557 2131 1602 2168 te
1617 2127 1890 2169 intercessio-

1061 2182 1189 2224 nibus
1205 2182 1471 2234 adJuvemur,
1489 2182 1574 2224 Per
1591 2182 1796 2224 eumdem
1809 2183 1892 2225 Do·

1061 2238 1226 2280 minum
1244 2243 1453 2279 nostrum.

1116 2298 1158 2332 In
1182 2298 1373 2340 Quadi-ag.
1398 2308 1593 2332 commem.
1617 2298 1751 2332 Feriae.

1328 2357 1397 2394 Ad
1419 2358 1622 2394 Primam.

1117 2414 1165 2453 ln
1200 2413 1250 2463 Rg.
1282 2412 1344 2453 br.
1390 2408 1440 2459 V.
1477 2414 1562 2464 Qui
1592 2419 1719 2456 natus
1751 2428 1799 2457 es
1832 2415 1887 2458 de

1060 2470 1198 2511 Maria
1221 2469 1414 2520 Virgine.

1325 2537 1394 2573 Ad
1417 2537 1616 2574 Tertiam.

1114 2595 1214 2634 Ant.
1242 2593 1334 2635 Ave
1354 2593 1504 2635 Maria.

1115 2652 1252 2703 Capit.
1280 2652 1396 2695 Ecce
1414 2653 1549 2704 virgo.
1576 2655 1622 2690 ut
1642 2664 1786 2702 supra-
