2028 2892
162 167 231 203 438

555 173 625 206 Die
651 174 680 206 Γ).
706 173 863 215 Aprilis.

163 264 228 305 rio
249 263 374 314 legis,
396 263 451 305 de
471 263 673 305 doctrina
691 263 811 314 fidei,
838 263 893 305 de
911 263 993 304 vir-

162 323 257 362 tute
279 320 574 371 continentiae,
602 320 657 362 de
681 320 912 373 disciplina
935 321 992 372 ju-

163 377 310 418 stitiae:
356 378 711 430 unumquemque
752 376 994 418 admonens

164 432 339 474 diversa
358 432 676 484 exhortatione,
695 434 815 486 juxta
828 432 994 485 profes-

163 489 350 540 sionem,
406 493 667 542 morumque
722 489 995 542 qualitatem:

165 545 331 588 scilicet
367 551 415 588 ut
452 548 702 599 praenoscat
740 545 862 598 quid,
909 545 995 594 cui,

165 601 357 654 quando,
401 603 471 645 vel
518 602 743 655 quomodo
789 601 995 655 proferat.

166 659 296 711 Cujus
310 672 404 712 prae
420 660 577 701 ceteris
593 659 786 713 speciale
802 657 996 700 officium

165 721 247 766 est,
273 716 524 769 Scripturas
547 716 709 767 legere,
737 719 996 769 percurrere

166 774 384 824 Canones,
410 773 612 826 exempla
636 775 888 815 sanctorum
905 772 996 813 imi-

164 830 266 880 tari,
298 830 474 882 vigiliis,
506 830 691 882 jejuniis,
725 828 996 871 orationibus

165 887 437 937 incumbere,
470 900 568 929 cum
601 886 809 929 fratribus
840 899 997 939 pacem

163 944 343 994 habere,
375 957 458 986 nec
487 956 753 996 quemquam
782 943 837 985 de
864 955 997 985 mem-

164 1001 255 1043 bris
293 1001 382 1042 suis
420 999 687 1053 discerpere;
722 1000 889 1042 nuHum
925 999 997 1041 da-

165 1059 332 1107 mnare,
357 1058 440 1098 nisi
458 1057 808 1110 comprobatum,
831 1056 998 1098 nullum

166 1114 567 1164 excommunicare,
611 1114 695 1155 nisi
741 1113 998 1156 discussum.

167 1171 340 1224 Quique
371 1171 432 1212 ita
459 1170 704 1213 humilitate
737 1170 921 1223 pariter,
955 1174 999 1211 et

166 1228 429 1270 auctoritate
453 1229 647 1280 praeesse
674 1226 824 1277 debet,
851 1231 900 1268 ut
926 1239 997 1268 ne-

167 1298 252 1338 que
271 1297 351 1338 per
370 1284 548 1326 nimiam
565 1284 857 1326 humilitatem
876 1296 999 1324 suam

167 1341 446 1383 subditorum
470 1341 577 1383 vitia
605 1340 916 1382 convalescere
941 1339 999 1381 fa-

168 1398 271 1448 ciat,
319 1410 463 1450 neque
499 1410 580 1451 per
615 1396 1000 1439 immoderantiam

167 1455 414 1497 severitatis
458 1456 728 1508 potestatem
779 1455 999 1503 exerceat,

169 1511 249 1554 sed
271 1517 395 1554 tanto
420 1512 590 1554 cautius
614 1524 717 1563 erga
738 1512 1000 1553 commissos

169 1569 263 1620 sibi,
285 1573 451 1622 quanto
472 1569 623 1610 durius
643 1581 669 1610 a
685 1567 860 1610 Christo
880 1566 999 1609 inda-

169 1626 263 1677 gari
282 1626 498 1667 formidat.

220 1690 270 1740 lx'g.
289 1688 340 1728 In
359 1687 506 1729 medio
524 1686 738 1728 Ecclesiae
757 1685 930 1738 aperuit
949 1697 1000 1726 os

169 1744 278 1795 ejus,
300 1749 322 1770 *
346 1744 404 1786 Et
431 1743 629 1796 implevit
657 1756 756 1785 eum
783 1741 999 1782 Dominus

167 1801 325 1853 spiritu
375 1800 603 1853 sapientiae
654 1804 698 1841 et
742 1798 1000 1840 intellectus,

171 1855 219 1905 V·
240 1856 570 1899 Jucunditatem
597 1861 641 1899 et
660 1855 1000 1898 exsultationem

167 1914 482 1956 thesaurizavit
505 1927 638 1967 super
663 1926 773 1956 eum.
802 1913 868 1954 Et.
898 1911 999 1953 Glo-

167 1970 232 2012 ria
250 1971 383 2012 Patri.
412 1970 481 2012 Et.

225 2038 266 2071 In
297 2038 487 2080 Quadrug.
523 2038 652 2072 Lectio
678 2039 727 2072 ix.
757 2039 803 2072 de
828 2038 998 2072 Humilia

173 2086 309 2129 Feriam
336 2086 432 2121 ullus

474 2139 625 2180 Lectio
646 2139 698 2179 ix.

172 2191 397 2297 Tenebit
421 2203 598 2244 quoque
623 2190 743 2232 illam
765 2191 1000 2244 superemi-

261 2252 440 2291 nentem
463 2248 592 2291 donis
620 2247 822 2290 omnibus
848 2248 1001 2289 carita-

170 2313 276 2357 tem,
307 2306 400 2348 sine
435 2318 522 2359 qua
553 2305 695 2347 omnis
728 2305 867 2347 virtus
895 2304 1002 2345 nihil

173 2369 250 2405 est.
279 2360 441 2405 Cus’tos
455 2362 570 2405 enim
585 2361 812 2412 castitatiS,
829 2361 1002 2411 caritas,

171 2420 295 2461 locus
314 2424 462 2462 autem
480 2419 606 2471 hujus
626 2417 842 2468 custodis,
866 2417 1001 2459 humi-

171 2476 281 2518 litas.
335 2476 530 2518 Habebit
575 2476 706 2518 etiam
748 2475 862 2517 inter
905 2474 1002 2516 haec

173 2533 319 2574 omnia
355 2533 570 2575 castitatis
607 2532 900 2575 eminentiam:
941 2531 1004 2573 ita

172 2594 221 2631 ut
247 2602 371 2631 mens
399 2590 575 2632 Christo
603 2588 768 2640 dedita,
799 2588 854 2630 ab
883 2588 1003 2629 omni

172 2645 498 2698 inquinamento
524 2646 669 2688 carnis
693 2646 751 2687 sit
773 2644 936 2687 munda
960 2649 1004 2686 et

173 2702 320 2744 libera.
374 2703 494 2744 Inter
527 2703 622 2745 haec
655 2702 880 2755 oportebit
906 2715 1004 2743 cum

910 174 944 206 S.
973 172 1163 206 vincentii
1191 171 1353 206 Ferrcrii
1379 171 1487 205 Conf.

1046 262 1232 305 sollicita
1252 263 1581 317 dispensatione
1602 277 1751 306 curam
1769 268 1873 318 pau-

1045 332 1201 372 perum
1218 322 1386 372 gerere,
1413 322 1654 364 esurientes
1678 323 1872 375 pascere,

1047 378 1208 419 vestire
1235 376 1395 428 nudos,
1429 380 1653 431 suscipere
1685 380 1875 431 peregri-

1047 445 1143 483 ηοε,
1170 435 1369 487 captivos
1388 434 1621 486 redimere,
1649 434 1805 477 viduas
1823 446 1876 477 ac

1047 490 1239 543 pupillos
1264 492 1395 541 tueri,
1420 492 1679 545 pervigilem
1706 492 1750 533 in
1775 504 1874 533 cun-

1048 547 1130 589 ctis
1149 547 1356 590 exhibere
1373 561 1533 598 curam,
1551 548 1876 602 providentiam

1047 603 1209 646 habere
1239 604 1547 648 distributione
1580 604 1781 648 discreta.
1825 606 1876 647 In

1049 673 1137 713 quo
1157 662 1290 703 etiarn
1303 660 1580 715 hospitalitas
1596 662 1657 703 ita
1672 662 1753 705 erit
1765 674 1876 716 prae-

1049 720 1194 770 cipua,
1222 723 1270 759 ut
1299 731 1451 760 omnes
1481 731 1580 760 eum
1607 717 1878 771 benignitate

1050 779 1093 817 et
1104 775 1287 817 caritate
1298 775 1522 829 suscipiat.
1541 775 1586 817 Si
1596 775 1711 817 enim
1726 788 1879 817 omnes

1049 831 1202 873 fideles
1221 831 1330 873 illud
1345 831 1630 883 Evangelium
1648 831 1799 874 audire
1815 830 1880 874 de-

1050 888 1257 931 siderant:
1275 889 1453 942 Hospes
1467 889 1540 939 fui,
1559 893 1602 931 et
1621 889 1879 942 suscepistis

1051 958 1135 996 me;
1156 950 1320 998 quanto
1339 946 1478 997 magis
1494 947 1739 999 episcopus,
1751 947 1879 998 ,cujus

1051 1002 1342 1044 diversorium
1361 1004 1620 1045 cunctorum
1635 1001 1768 1045 debet
1782 1015 1880 1045 esse

1051 1058 1399 1113 receptaculum?
1458 1061 1521 1102 Te
1539 1060 1693 1101 Deum.
1711 1060 1771 1101 15.

1100 1133 1142 1167 In
1156 1132 1275 1167 Laud.
1293 1133 1333 1166 fit
1346 1142 1479 1166 comm.
1495 1131 1619 1166 FerIae
1633 1132 1670 1166 in
1685 1131 1877 1176 Ouadrag.

1100 1190 1217 1233 Vesp.
1244 1201 1265 1224 a
1288 1189 1411 1232 Capit.
1435 1189 1481 1223 de
1505 1199 1610 1232 sequ.
1635 1199 1720 1223 cum
1743 1199 1877 1224 comm.

1050 1239 1213 1283 praeced.
1239 1244 1275 1273 et
1300 1238 1424 1272 Feriae
1449 1238 1486 1271 in
1512 1238 1702 1280 Quadrag.

1299 1336 1380 1378 Die
1400 1336 1438 1378 5.
1459 1335 1636 1389 Aprilis.

1118 1406 1161 1447 S.
1182 1405 1437 1448 vincentii
1454 1405 1676 1447 Ferrarii
1694 1402 1815 1444 Conf.

1384 1466 1548 1510 Duplex.

1104 1525 1240 1559 Omnia
1271 1525 1318 1559 de
1347 1524 1491 1559 Comm.
1520 1524 1628 1559 Conf.
1659 1534 1736 1559 non
1767 1523 1876 1559 Pont.

1054 1573 1127 1617 [84]
1154 1577 1294 1616 praeter
1317 1583 1422 1616 sequ.

1390 1634 1554 1675 Oratio.

1141 1708 1234 1743 euS‚
1262 1695 1335 1747 qui
1354 1694 1598 1736 Ecclesiam
1620 1698 1741 1736 tuam
1763 1694 1883 1737 beati

1159 1752 1379 1794 Vincentii
1407 1751 1682 1793 Confessoris
1704 1751 1768 1793 tui
1795 1753 1883 1793 me-

1053 1809 1148 1851 ritis
1172 1813 1217 1850 et
1239 1808 1556 1861 praedicatione
1581 1808 1803 1850 illustrare
1823 1807 1883 1850 di—

1052 1868 1212 1917 gnatus
1241 1878 1302 1907 es:
1335 1864 1529 1907 concede
1556 1864 1684 1907 nobis
1711 1864 1884 1906 famulis

1053 1923 1155 1973 tuis3
1173 1926 1222 1964 ut
1241 1926 1285 1964 et
1303 1922 1441 1975 ipsius
1459 1922 1727 1963 instruamur
1741 1923 1883 1964 exem-

1053 1979 1150 2032 plis,
1171 1984 1215 2021 et
1234 1978 1289 2021 ab
1309 1978 1510 2020 omnibus
1530 1979 1620 2030 ejus
1637 1979 1884 2031 patrocinio

1053 2036 1290 2078 liberemur
1305 2034 1515 2077 adversis.
1537 2035 1622 2077 Per
1636 2035 1884 2077 Dominum.

1109 2102 1316 2135 Commem.
1342 2098 1505 2143 praeced.

1109 2154 1209 2194 Ant.
1231 2152 1268 2193 O
1284 2153 1456 2195 Doctor
1476 2153 1654 2206 optime,
1672 2152 1884 2194 Ecclesiae

1055 2214 1221 2252 sanctae
1239 2210 1402 2260 lumen,
1420 2209 1551 2252 beate
1569 2208 1755 2259 Isidore,
1779 2207 1885 2250 divi-

1055 2280 1124 2309 nae
1156 2267 1265 2317 legis
1299 2269 1486 2317 amator,
1529 2265 1769 2319 deprecare
1801 2278 1885 2319 pro

1055 2323 1183 2366 nobis
1201 2323 1360 2365 Filium
1378 2324 1472 2365 Dei.

1109 2372 1160 2425 Ys'.
1176 2380 1201 2421 J
1203 2385 1350 2422 ustum
1369 2379 1554 2422 deduxit
1571 2378 1786 2420 Dominus
1804 2390 1886 2431 per
1941 2425 1949 2428 χ

1057 2437 1150 2479 vias
1169 2441 1324 2478 rectas.
1360 2437 1410 2488 Rz.
1435 2437 1493 2478 Et
1517 2434 1711 2477 ostendit
1735 2430 1797 2475 illi
1821 2447 1884 2476 re-

1057 2507 1190 2546 gnum
1208 2493 1302 2535 Dei.

1113 2560 1253 2594 Postea
1277 2568 1472 2594 commem.
1490 2557 1613 2592 Feriae
1637 2556 1676 2599 in
1693 2555 1884 2598 Quadrag.

1111 2613 1211 2647 Lect.
1235 2611 1262 2646 I.
1286 2611 1395 2646 Noct.
1421 2610 1564 2646 Beatus
1581 2610 1652 2645 vir.
1677 2608 1724 2642 de
1749 2606 1885 2642 eodem

1060 2662 1204 2696 Comm.
1227 2661 1257 2694 2.
1282 2660 1379 2694 loco.
1409 2660 1480 2703 [94]

1110 2713 1229 2747 Extra
1253 2710 1445 2752 Quadrag.
1468 2708 1516 2743 dc
1539 2708 1675 2751 Script.
1697 2716 1840 2741 occurr.
