2066 2904
203 142 295 186 [122]

259 241 356 279 Ant.
379 238 533 290 Specie
551 243 627 280 tua
646 243 691 280 et
708 239 1033 291 pulchritudine

203 299 277 335 tua
296 293 488 343 intende,
517 296 730 347 prospere
751 295 960 347 procede,
989 300 1033 337 et

203 362 348 400 regna.

258 418 293 455 Α
300 423 356 456 nt.
376 413 613 466 Adjuvebit
632 427 729 455 eam
739 415 762 440 *
773 415 895 456 Deus
910 415 1032 456 vultu

204 481 299 509 suo:
318 469 439 511 Deus
459 471 502 511 in
521 469 668 511 medio
688 471 790 522 ejus,
808 483 896 511 non
917 483 1032 512 com-

203 524 461 567 movebitur.

472 608 668 647 Psalmus
697 609 762 646 45.

203 670 370 774 Deus
396 676 546 712 noster
568 671 794 722 refugium,
817 677 861 713 et
880 672 1032 713 virtus:

325 728 348 752 *
386 727 558 778 adintor
594 727 638 767 in
668 727 1049 774 tribulationibus,-

205 795 303 834 quae
331 782 589 824 invenerunt
615 796 696 824 nos
723 783 861 823 nimis.

253 839 496 890 Propterea
529 851 617 879 non
650 837 899 879 timebimus
928 838 1032 881 dum

202 893 449 936 turbabitur
465 898 598 934 terra:
615 894 639 919 *
655 898 699 935 et
717 894 1031 937 transferentur

203 954 374 991 montes
402 949 445 989 in
474 961 551 990 cor
578 950 721 990 maris.

255 1005 513 1053 Sonuerunt,
530 1010 573 1046 et
588 1005 777 1047 turbatae
794 1012 895 1048 sunt
905 1020 1032 1059 aquae

205 1063 372 1102 eorum:
399 1061 422 1086 *
451 1060 701 1102 conturbati
733 1067 833 1104 sunt
859 1068 1032 1105 montes

203 1117 246 1156 in
274 1116 529 1157 fortitudine
557 1116 658 1167 ejus.

256 1172 465 1212 Fluminis
493 1174 682 1223 impetus
710 1173 905 1215 laetificat
933 1175 1032 1215 civi-

203 1229 339 1268 tatem
372 1227 471 1268 Dei:
505 1227 528 1252 *
566 1228 855 1271 sanctificavit
890 1230 1032 1271 taber-

203 1283 406 1324 naculum
433 1295 560 1323 suum
587 1282 848 1325 Altissimus.

253 1338 375 1380 Deus
407 1338 451 1378 in
478 1338 624 1379 medio
654 1340 760 1390 ejus,
794 1353 882 1382 non
917 1354 1031 1382 com-

202 1394 464 1435 movebitur:
488 1394 511 1419 *
536 1393 759 1446 adjuvabit
787 1408 884 1437 eam
910 1397 1031 1438 Deus

202 1462 329 1491 mane
358 1449 561 1490 diluculo.

255 1505 540 1546 Conturbatae
570 1510 671 1546 sunt
695 1505 871 1556 Gentes,
903 1512 947 1549 et
971 1508 1030 1548 in-

202 1561 363 1602 clinata
390 1565 491 1602 sunt
518 1573 667 1611 regna:
685 1561 708 1586 *
727 1561 850 1604 dedit
877 1575 1032 1604 vocem

203 1629 337 1665 suam,
364 1621 485 1657 mota
513 1621 580 1658 est
606 1621 735 1658 terra.

253 1672 469 1713 Dominus
499 1672 709 1713 virtutum
736 1673 981 1715 nobiscum:
1008 1675 1032 1701 *

202 1729 433 1779 susceptor
460 1732 610 1769 noster
637 1727 759 1769 Deus
786 1729 935 1770 Jacob.

254 1783 425 1832 Venite,
450 1788 494 1824 et
518 1783 664 1824 videte
689 1785 825 1836 opera
843 1784 1031 1835 Domini,

204 1851 302 1890 quae
321 1839 470 1890 posuit
487 1838 690 1891 prodigia
709 1852 841 1892 super
855 1845 1032 1882 terram:

202 1895 226 1921 *
253 1894 454 1935 auferens
488 1894 605 1936 bella
638 1908 778 1947 usque
810 1895 867 1937 ad
900 1896 1032 1938 finem

202 1954 344 1991 terrae.

254 2006 421 2047 Arcum
458 2008 673 2056 conteret,
710 2011 754 2049 et
788 2009 1032 2059 confringet

204 2074 339 2102 arma:
365 2062 389 2087 *
417 2063 461 2104 et
488 2067 613 2104 scuta
640 2062 870 2106 comburet
896 2065 994 2115 igni.

253 2117 441 2167 Vacete‚
470 2122 514 2159 et
541 2117 687 2159 videte
716 2120 921 2171 quoniam
950 2133 1032 2171 ego

203 2185 299 2213 sum
314 2173 451 2215 Deus:
465 2174 488 2199 *
504 2173 732 2215 exaltabor
747 2174 791 2215 in
806 2175 1032 2226 Gentibus,

204 2233 247 2269 et
275 2228 503 2271 exaltabor
530 2229 574 2270 in
601 2234 728 2271 terra.

255 2284 469 2326 Dominus
500 2285 711 2327 virtutum
737 2285 981 2328 nobiscum:
1009 2288 1032 2314 *

204 2340 433 2392 susceptor
460 2345 611 2382 noster
637 2340 759 2383 Deus
786 2341 935 2384 Jacob.

260 2403 355 2443 Ant.
387 2404 619 2456 Adiuvabit
648 2418 745 2447 eam
762 2406 884 2447 Deus
908 2408 1031 2449 vultu

207 2470 302 2498 suo:
320 2459 441 2500 Deus
459 2460 503 2500 in
522 2460 669 2502 medio
688 2462 791 2513 ejus,
809 2474 898 2503 non
918 2475 1032 2504 com—

205 2513 464 2555 movebitur.

260 2580 356 2619 Ant.
390 2582 526 2630 Aquae
552 2580 700 2622 multae
724 2582 748 2608 *
768 2595 856 2623 non
880 2586 1031 2635 potue-

205 2637 306 2673 runt
324 2636 601 2686 exstinguere
621 2637 858 2680 caritatem.

786 151 995 184 Commune
1022 161 1096 183 non
1124 151 1335 193 virginum.

1356 244 1553 284 Psalmus
1581 245 1645 284 47.

1189 308 1327 346 agnus
1352 296 1584 346 Dominus,
1611 302 1655 338 et
1682 297 1915 338 laudabilis

1206 352 1334 393 nimis
1353 352 1376 377 *
1396 353 1440 392 in
1466 353 1643 393 civitate
1661 352 1746 393 Dei
1763 352 1915 402 nostri,

1085 407 1129 447 in
1147 412 1297 448 monte
1318 411 1471 448 sancto
1491 408 1592 458 ejus.

1136 462 1365 504 Fundetur
1389 463 1679 504 exsultatione
1698 464 1916 504 universae

1085 523 1216 559 terrae
1250 531 1377 560 mons
1410 518 1532 567 Sion,
1558 519 1583 544 *
1609 518 1749 560 latera
1782 519 1916 571 Aqui-

1085 573 1210 622 lonis,
1239 574 1395 615 civitas
1414 574 1529 624 regis
1547 574 1703 638 magni.

1139 630 1291 671 Deus‘
1279 643 1323 670 m
1348 629 1552 671 domibus
1572 630 1662 681 ejus
1681 632 1916 680 cognosce-

1085 690 1167 733 tur,
1186 686 1210 712 *
1231 698 1331 726 cum
1352 685 1562 737 suscipiet
1581 698 1688 726 eam.

1142 741 1358 791 Quoniam
1387 753 1491 782 ecce
1518 754 1645 791 reges
1665 746 1795 782 terrae
1817 755 1917 784 con-

1086 797 1255 847 gregati
1301 802 1417 838 sunt:
1462 799 1486 824 *
1531 800 1830 839 convenerunt
1873 798 1917 838 in

1085 866 1230 894 unum.

1138 909 1229 960 Ipsi
1256 907 1456 949 videntes
1485 908 1548 949 sic
1577 908 1779 950 admirati
1806 914 1917 959 sunt,

1087 964 1339 1005 conturbati
1367 967 1483 1012 sunt,
1515 965 1724 1006 commoti
1751 969 1867 1006 sunt:
1894 966 1918 991 *

1086 1025 1252 1061 tremor
1271 1019 1562 1071 apprehendit
1582 1033 1671 1061 eos.

1139 1075 1206 1117 Ibi
1234 1075 1412 1117 dolores
1439 1081 1487 1117 ut
1514 1076 1812 1128 parturientis:
1831 1078 1855 1103 *
1874 1077 1919 1117 in

1087 1132 1244 1183 spiritu
1271 1131 1521 1173 vehementi
1554 1134 1756 1174 conteres
1783 1145 1918 1183 naves

1086 1187 1280 1228 Tharsis.

1137 1243 1259 1285 Sicut
1285 1242 1547 1293 audivimus,
1574 1243 1639 1285 sic
1659 1243 1849 1286 vidimus
1874 1245 1918 1286 in

1086 1299 1265 1341 civitate
1288 1299 1468 1340 Domini
1493 1300 1721 1350 virtutum,
1748 1300 1793 1341 in
1817 1301 1918 1342 civi-

1085 1357 1176 1397 tate
1207 1355 1293 1396 Dei
1324 1355 1483 1396 nostri:
1510 1355 1534 1382 *
1562 1356 1684 1397 Deus
1719 1356 1919 1399 fundavit

1086 1423 1183 1452 eam
1202 1411 1245 1451 in
1265 1413 1488 1452 aeternum.

1137 1467 1419 1519 Suscepimus
1434 1467 1556 1509 Deus
1569 1467 1918 1509 misericordiam

1085 1527 1216 1572 tuam,
1233 1524 1257 1550 ²⁸¹
1275 1523 1319 1563 in
1338 1522 1485 1564 medio
1505 1523 1660 1575 templi
1678 1523 1754 1564 tui.

1136 1578 1387 1620 Secundum
1424 1592 1585 1620 nomen
1625 1584 1749 1620 tuum
1783 1579 1918 1629 Deus,

1085 1634 1149 1675 sic
1186 1639 1230 1675 et
1265 1634 1361 1675 laus
1398 1639 1474 1676 tua
1506 1635 1549 1676 in
1582 1635 1692 1676 fines
1719 1640 1866 1677 terrae:
1893 1636 1918 1663 '⁸¹

1084 1690 1246 1741 justitia
1264 1691 1395 1743 plena
1416 1696 1483 1732 est
1502 1691 1684 1733 dextera
1701 1696 1788 1732 tua.

1137 1746 1333 1787 Laetetur
1368 1759 1495 1787 mons
1531 1747 1656 1796 Sion,
1693 1751 1737 1788 et
1776 1746 1917 1788 exsol-

1085 1806 1178 1843 tent
1205 1802 1308 1843 filiae
1335 1802 1360 1842 J
1362 1801 1478 1852 udae,
1500 1804 1525 1830 *
1546 1807 1730 1855 propter
1757 1802 1918 1855 judicia

1086 1862 1162 1899 tua
1181 1858 1381 1899 Domine.

1139 1913 1420 1956 Circumdate
1443 1914 1564 1964 Sion,
1596 1918 1640 1956 et
1664 1913 1917 1967 complecti-

1086 1970 1191 2011 mini
1226 1983 1339 2011 eam:
1370 1971 1394 1997 *
1430 1972 1606 2012 narrate
1640 1971 1686 2011 in
1720 1969 1916 2012 turribus

1086 2039 1189 2078 ejus.

1137 2081 1294 2124 Ponite
1328 2081 1464 2123 corda
1497 2087 1646 2124 vestra
1677 2082 1722 2122 in
1752 2081 1917 2124 virtute

1087 2138 1191 2189 ejus:
1218 2139 1243 2165 *
1271 2137 1520 2179 distribuite
1548 2137 1705 2179 domos
1734 2139 1841 2190 ejus,
1868 2142 1917 2179 ut

1086 2193 1297 2236 enarretis
1315 2193 1360 2234 in
1380 2194 1591 2246 progenie
1611 2194 1761 2236 altera.

1138 2249 1355 2299 Quoniam
1390 2249 1462 2291 hic
1503 2254 1571 2291 est
1605 2250 1748 2300 Deus,
1794 2251 1916 2291 Deus

1085 2311 1236 2347 noster
1253 2306 1297 2346 in
1318 2307 1547 2355 aeternum,
1572 2310 1616 2347 et
1637 2305 1683 2346 in
1705 2306 1916 2348 saeculum

1086 2361 1250 2403 saeculi:
1268 2361 1293 2387 *
1311 2361 1406 2413 ipse
1429 2366 1554 2412 reget
1575 2373 1657 2402 nos
1680 2361 1724 2402 in
1742 2362 1916 2403 saecula.

1142 2416 1241 2456 Ant.
1279 2417 1418 2468 Aquae
1458 2416 1608 2458 multae
1641 2429 1729 2458 non
1762 2419 1915 2469 potue-

1085 2478 1187 2514 runt
1206 2475 1484 2523 exstinguere
1503 2472 1744 2514 caritatem.

1140 2521 1190 2571 V-
1226 2528 1310 2580 Adj
1314 2527 1467 2570 uvabit
1501 2541 1599 2569 eam
1634 2529 1756 2569 Deus
1793 2528 1915 2570 vultu

1086 2597 1178 2625 suo.
1218 2583 1267 2633 R.
1293 2585 1415 2625 Deus
1442 2584 1486 2624 in
1513 2583 1660 2625 medio
1690 2585 1798 2636 ejus,
1825 2597 1914 2626 non

1086 2639 1446 2682 commovebitur.
