2066 2904
501 161 573 194 Die
599 161 650 194 19.
675 159 775 202 Maii.
823 159 858 193 S.
884 159 987 194 l‘etri
1012 158 1215 194 Coelestini
1239 158 1357 201 Papio
1383 163 1419 191 et
1444 157 1553 191 Cous.

441 257 526 299 Die
544 257 603 297 19.
621 255 733 306 Maji.

172 323 215 365 S.
229 322 367 364 Petri
385 318 796 422 Goeltsssggffzhapae
818 323 863 359 et
879 319 999 360 Conf.

198 465 206 471 .
224 436 361 471 Omnia
389 435 435 469 de
466 434 630 470 Comuni
660 434 768 468 Conf.
793 435 902 471 Pont.
931 429 1000 473 [66]

172 489 313 527 praeter
336 493 442 526 sequ.

508 531 671 573 Oratio.

173 582 355 687 Deus,
376 585 450 636 qui
467 583 645 626 beatum
662 583 843 624 Petrum
863 581 1001 623 Coele-

268 643 431 682 stinum
455 638 512 681 ad
536 639 695 680 summi
716 638 1002 690 pontificatus

172 698 343 750 apicem
379 695 640 745 sublimasti,
683 694 844 747 quique
879 693 1002 734 illum

171 753 404 795 humilitati
464 753 736 804 postponere
794 750 1002 792 docuisti:

173 809 365 851 concede
393 808 629 861 propitius;
662 812 711 848 ut
740 807 830 858 ejus
859 808 1001 847 exem-

172 865 248 919 plo
268 870 426 907 cuncta
443 862 597 905 mundi
615 863 856 916 despicere,
883 867 927 904 et
946 861 1003 904 ad

172 923 391 974 promissa
420 919 658 962 humilibus
693 919 877 972 praemia
907 931 1003 971 per-

172 980 321 1019 venire
336 977 520 1018 feliciter
534 978 793 1018 mereamur.
816 976 901 1016 Per
916 975 1003 1015 Do-

171 1034 337 1075 minum
355 1037 566 1074 nostrum.

225 1097 273 1131 Et
296 1096 337 1130 fit
362 1105 558 1130 commem.
582 1095 748 1138 praeced.

226 1150 325 1189 Ant.
363 1145 514 1188 Sancti
541 1149 585 1186 et
611 1144 713 1196 justi
739 1144 783 1184 in
809 1142 1003 1184 Domino

173 1202 376 1253 gaudete,
402 1201 588 1253 alleh'lja:
619 1212 701 1241 vos
727 1198 857 1250 elegit
883 1199 1004 1239 Deus

173 1258 218 1306 in
235 1257 540 1299 haereditatem
559 1256 653 1306 sibi,
675 1255 858 1306 alleluja.

225 1312 279 1364 V.
316 1314 517 1355 Pretiosa
556 1313 601 1354 in
639 1314 880 1363 conspectu
916 1311 1004 1351 Do-

175 1370 295 1420 mini,
320 1369 503 1421 alleh'ija.
533 1372 586 1423 R.
609 1369 731 1410 Mors
751 1369 1006 1409 sanctorum

177 1427 280 1478 ejus,
299 1425 481 1477 alleluja.

227 1483 393 1524 Oratio.
422 1485 554 1531 Deus,
574 1481 648 1533 qui
665 1480 792 1521 hunc.
812 1481 906 1520 510.

226 1544 368 1578 Postea
393 1544 427 1579 S.
453 1543 706 1578 Pudentianae
732 1543 837 1586 Virg.

227 1597 327 1636 Ant.
356 1593 465 1637 Veni
483 1605 647 1645 sponsa
663 1592 835 1641 Christi,
855 1592 1007 1645 accipe

179 1651 399 1699 coronam,
420 1661 551 1701 quam
567 1647 649 1690 tibi
662 1648 878 1696 Dominus
897 1661 1007 1701 prae-

179 1705 352 1758 paravit
369 1705 415 1746 in
434 1706 656 1754 aeternum,
676 1703 860 1756 alleluja.

228 1758 283 1810 V.
315 1760 471 1813 Specie
503 1765 580 1802 tua
612 1764 655 1801 et
682 1759 1008 1812 pulchritt'idine

179 1822 270 1868 tua,
289 1817 473 1869 allelfiJa.
499 1819 552 1870 R*-
574 1816 776 1865 Intende,
794 1818 1009 1869 prospere

179 1872 383 1927 procede,
404 1877 448 1915 et
465 1885 610 1924 regna,
629 1872 812 1924 alleluja.

512 1934 678 1975 Oratio.

179 1984 395 2091 Exafidi
425 2002 507 2031 nos
538 1989 660 2031 Deus
695 1989 899 2030 salutaris
935 2001 1011 2030 no-

282 2050 388 2087 ster:
406 2050 455 2087 ut
474 2045 587 2087 sicut
604 2045 660 2087 de
678 2045 823 2086 beatae
841 2044 1011 2086 Puden-

181 2102 312 2143 tianae
329 2101 524 2153 Virginis
542 2106 632 2143 tuae
653 2101 892 2143 festivitate
910 2113 1011 2151 gau-

183 2156 353 2205 demus,
377 2157 440 2198 ita
461 2157 549 2209 piae
575 2156 823 2198 devotionis
844 2156 1011 2198 erudia-

182 2226 280 2254 mur
298 2212 468 2254 affectu.
495 2212 580 2254 Per
597 2212 847 2254 Dominum.

232 2273 277 2308 In
303 2274 332 2308 ·1.
361 2273 561 2307 Nocturno
595 2272 800 2307 Lectiones
833 2273 881 2307 de
911 2272 1009 2307 Scri-

180 2325 293 2365 ptura
318 2326 551 2356 occurrente.

409 2383 459 2422 In
477 2383 527 2422 11.
547 2382 771 2421 Nocturno.

483 2442 635 2483 Lectio
655 2442 708 2482 iv.

250 2524 258 2535 -.
286 2500 437 2546 etrus,
465 2508 491 2537 a
507 2497 683 2538 nomine
706 2510 794 2549 quo
813 2497 1018 2539 Pontifex

197 2555 206 2621 j
232 2555 266 2606 ..J
316 2556 383 2593 est
397 2552 657 2605 appellatus,
675 2553 939 2595 Caelestinus
956 2552 1016 2594 di-

296 2607 427 2658 ctus,
469 2607 665 2650 honestis
702 2609 1018 2660 catholicisque

190 2661 446 2714 parentibus
482 2664 700 2706 AEserniae
741 2665 786 2705 in
821 2664 1018 2706 Samniti-

1819 152 1886 187 513

1053 251 1137 294 bus
1164 254 1308 298 natus,
1346 247 1691 290 adolescentiam
1718 246 1792 288 vix
1824 246 1886 286 in-

1053 308 1249 359 gressus,
1277 309 1325 346 ut
1351 305 1544 345 animum
1569 316 1595 344 a
1619 302 1771 344 mundi
1796 302 1885 344 ille-

1055 362 1198 404 cebris
1230 360 1490 409 custodiret,
1524 360 1569 400 in
1602 358 1886 400 solitudinem

1055 418 1248 460 secessit.
1326 416 1395 458 Ibi
1439 414 1886 467 contemplationibus

1053 479 1247 516 mentem
1267 473 1481 522 nutriens,
1507 483 1670 524 corpus
1689 471 1734 511 in
1753 471 1886 511 servi-

1054 534 1195 572 tutem
1222 528 1445 579 redigens,
1472 527 1660 568 ferream
1687 529 1889 568 catenam

1056 586 1114 628 ad
1131 585 1293 627 nudam
1310 596 1485 626 carnem
1500 582 1748 624 adhibebat.
1777 582 1887 623 Con-

1056 642 1373 694 gregationem,
1395 652 1493 692 quae
1512 641 1671 691 postea
1691 639 1887 680 Coelesti-

1054 701 1212 740 norum
1230 698 1348 739 dicta
1367 702 1448 746 est,
1479 695 1560 737 sub
1580 693 1731 745 regula
1750 695 1889 735 sancti

1055 754 1286 796 Benedicti
1303 753 1501 795 instituit.
1536 752 1652 792 Hinc
1677 751 1802 803 quasi
1827 750 1889 791 lu-

1056 813 1187 852 cerna
1218 823 1353 863 supra
1386 807 1701 851 candelabrum
1731 807 1889 860 posita,

1056 880 1157 908 cum
1183 865 1397 908 abscondi
1421 867 1638 917 nequiret,
1672 864 1889 914 (Romana

1055 923 1256 965 Ecclesia
1289 922 1364 964 diu
1396 921 1576 963 viduata
1611 921 1806 972 pastore)
1847 920 1890 960 in

1055 980 1176 1021 Petri
1211 977 1467 1021 cathedram
1498 977 1706 1027 ignorans
1740 982 1783 1018 et
1816 976 1888 1018 ab·

1057 1049 1158 1078 sens
1183 1037 1362 1084 ascitus,
1395 1047 1554 1085 magna
1582 1033 1791 1074 novitatis
1817 1033 1890 1074 ad-
1971 1068 1974 1070 Α

1056 1092 1287 1133 miratione
1311 1103 1399 1132 non
1423 1091 1567 1131 minus
1588 1102 1719 1142 quam
1738 1101 1889 1140 repen-

1056 1151 1150 1190 tino
1179 1146 1341 1199 gaudio
1372 1151 1554 1188 cunctos
1583 1145 1738 1187 affecit.
1781 1145 1891 1186 Cum

1057 1209 1204 1245 autem
1232 1204 1277 1244 in
1305 1203 1591 1256 pontificatus
1624 1200 1891 1242 sublimitate

1058 1259 1317 1309 collocatus,
1351 1259 1483 1300 variis
1518 1257 1736 1299 distentus
1764 1256 1891 1306 curis,

1058 1316 1246 1358 assuetis
1263 1315 1517 1356 incumbere
1534 1312 1893 1355 meditationibus

1059 1373 1132 1414 vix
1151 1385 1287 1425 posse
1307 1372 1613 1422 cognosceret,
1640 1369 1761 1410 oneri
1779 1369 1892 1420 pari-

1058 1434 1126 1470 ter
1146 1433 1190 1470 et
1210 1427 1367 1469 honori
1384 1426 1632 1468 voluntarie
1651 1425 1794 1466 cessit.
1824 1426 1892 1465 In-

1061 1485 1205 1537 deque
1232 1484 1424 1536 priscam
1451 1482 1555 1524 vitae
1587 1482 1803 1523 rationem
1830 1483 1891 1522 re-

1060 1546 1232 1594 petenS,
1285 1538 1557 1581 obdormivit
1600 1538 1645 1578 in
1689 1537 1894 1587 Domino,

1062 1599 1243 1649 ejusque
1285 1596 1526 1649 pretiosam
1561 1599 1750 1635 mortem
1786 1606 1895 1634 crux

1060 1653 1329 1706 praefulgens
1363 1652 1408 1692 in
1439 1654 1540 1692 aere
1573 1655 1674 1692 ante
1707 1649 1896 1691 cubiculi

1062 1710 1223 1751 ostium
1238 1708 1431 1750 reddidit
1446 1707 1634 1760 amplius
1648 1706 1895 1758 gloriosam.

1061 1765 1284 1807 Miraculis
1303 1764 1450 1806 multis
1469 1769 1561 1805 tam
1580 1763 1743 1812 vivens,
1765 1775 1897 1814 quam

1062 1827 1166 1875 post
1203 1821 1372 1863 obitum
1409 1820 1580 1870 claruit3
1620 1819 1779 1872 quibus
1813 1818 1898 1860 rite

1064 1877 1335 1927 examinatis,
1360 1877 1563 1918 Clemens
1585 1876 1762 1928 quintus
1782 1887 1897 1916 anno

1063 1939 1302 1987 postquam
1322 1933 1514 1975 decessit
1531 1932 1783 1982 undecimo,
1804 1944 1898 1972 san-

1065 1992 1235 2032 ctorum
1253 1993 1437 2031 numero
1458 1987 1704 2040 adscripsit.

1115 2047 1168 2097 R.
1194 2046 1348 2087 Inveni
1370 2044 1518 2086 David
1542 2057 1718 2085 servum
1740 2055 1899 2092 meum,

1066 2103 1166 2145 oleo
1193 2106 1346 2143 sancto
1372 2113 1471 2142 meo
1498 2100 1604 2142 unxi
1630 2102 1782 2141 eumz*
1810 2098 1899 2139 Ma-

1065 2172 1147 2200 nus
1168 2158 1284 2200 enim
1302 2170 1402 2199 mea
1419 2156 1699 2198 auxiliabitur
1719 2155 1774 2204 ei,
1798 2153 1898 2195 alle-

1065 2215 1163 2267 lfija.
1183 2208 1235 2260 V.
1259 2213 1382 2255 Nihil
1406 2213 1612 2267 proficiet
1632 2211 1836 2253 inimicus
1855 2211 1900 2251 in

1068 2284 1133 2321 eo,
1153 2276 1198 2313 et
1215 2271 1330 2313 filius
1349 2269 1590 2322 iniquitatis
1609 2281 1699 2309 non
1722 2267 1901 2309 nocebit

1068 2327 1118 2369 ei.
1153 2327 1320 2369 Manus.

1066 2393 1137 2434 Ex
1153 2391 1267 2434 libro
1283 2391 1517 2433 Moralium
1536 2390 1677 2431 sancti
1697 2388 1901 2441 Gregorii

1153 2502 1236 2538 Lib.
1255 2504 1311 2538 10.
1331 2448 1642 2546 capfigpizffbap.
1661 2502 1710 2535 12.
1729 2501 1751 2535 J
1756 2502 1817 2536 ob.

1375 2549 1528 2590 Lectio
1548 2563 1586 2590 v.

1066 2604 1352 2708 Deridetur
1375 2606 1477 2671 justi
1502 2605 1771 2659 simplicitas.
1810 2607 1901 2648 Hu-

1175 2676 1240 2715 Jus
1272 2662 1425 2704 mundi
1455 2662 1671 2714 sapientia
1703 2667 1786 2712 est,
1825 2675 1903 2704 cor
