2028 2892
554 186 625 220 Die
651 186 702 220 19.
727 186 863 220 Martii.
912 188 946 220 S.
972 162 1121 230 Joseph
1144 187 1287 230 Sponsi
1310 189 1350 221 B.
1377 189 1421 222 M.
1448 189 1489 222 V.

215 277 430 327 Queniam
453 290 532 319 rex
555 282 703 329 sperat
720 277 764 318 in
782 278 989 319 Domino:

162 332 186 357 *
211 337 254 373 et
276 333 321 373 in
342 332 641 374 misericordia
662 332 877 373 Altissimi
900 346 985 374 non

163 387 519 429 commovebitur.
684 430 685 434 ,

213 443 463 484 Inveniatur
494 457 648 484 manus
679 449 755 485 tua
787 445 988 486 omnibus

161 499 345 539 inimicis
359 499 459 539 tuis:
473 499 497 524 *
513 499 694 541 dextera
707 505 784 540 tua
796 500 988 541 inveniat

162 566 324 603 omnes,
345 554 418 605 qui
437 559 481 595 te
501 555 697 596 oderunt.
874 554 877 556 ’

211 609 355 650 Pones
384 622 460 650 eos
487 615 536 651 ut
563 610 782 652 clibanum
808 611 920 661 ignis
943 612 987 651 in

160 665 359 716 tempore
383 665 528 706 vultus
551 666 628 706 tui:
652 666 676 691 *
699 667 914 707 Deminus
943 667 987 706 in

159 719 224 759 ira
243 732 322 760 sua
341 721 620 762 conturbabit
639 734 726 771 eos,
747 727 790 763 et
806 722 986 763 devora-

159 774 224 815 bit
243 787 320 816 eos
338 776 461 826 ignis.

211 830 421 872 Fructum
441 834 592 873 eorum
612 832 667 874 de
681 838 798 874 terra
811 834 986 886 perdes:

159 885 183 910 *
199 890 243 926 et
261 898 409 928 semen
429 889 581 928 eerum
596 901 621 928 a
635 888 735 929 filiis
750 889 986 930 heminum.

211 942 427 991 Quoniam
478 942 807 995 declinaverunt
851 945 895 985 in
941 950 985 986 te

158 996 287 1036 mala:
305 997 329 1022 *
349 998 651 1048 cogitaverunt
671 999 861 1049 consilia,
887 1013 985 1052 quae

158 1064 246 1092 non
264 1054 502 1104 potuerunt
521 1054 726 1095 stabilire.

211 1108 425 1157 Quoniam
460 1121 599 1160 pones
635 1122 712 1150 eos
745 1110 938 1151 dorsum:
962 1111 985 1136 *

156 1162 201 1202 in
219 1162 412 1214 reliquiis
431 1164 517 1204 tuis
531 1165 803 1217 praeparabis
818 1166 985 1207 vultum

159 1219 321 1259 eerum.

207 1274 413 1315 Exaltare
423 1275 520 1316 Dfie
533 1276 577 1316 in
590 1277 749 1318 virtute
761 1281 849 1317 tua:
859 1276 883 1302 *
895 1290 985 1317 can-

156 1328 346 1370 tabimus
363 1334 407 1371 et
424 1331 660 1382 psallemus
676 1332 860 1372 virtutes
875 1336 984 1372 tuas.

210 1389 311 1430 Ant.
343 1389 604 1432 Admonitus
632 1391 675 1431 in
703 1392 883 1440 somnis,
911 1391 936 1431 J
939 1404 982 1432 o-

157 1444 267 1496 seph
286 1446 467 1486 secessit
483 1446 527 1486 in
546 1451 694 1498 partes
711 1446 920 1487 Galilaeae:
941 1452 985 1487 et

156 1499 333 1540 veniens
365 1500 580 1542 habitavit
606 1501 650 1541 in
678 1502 855 1542 civitate
885 1515 983 1553 quae

156 1557 339 1595 vocatur
352 1555 588 1606 Nazareth3
606 1562 654 1598 ut
672 1556 984 1609 adimpleretur

157 1608 277 1660 quod
312 1610 478 1651 dictum
511 1617 578 1653 est
610 1624 690 1664 per
721 1612 983 1664 Prophetas:

156 1665 371 1715 Quoniam
388 1666 628 1708 Nazaraeus
647 1667 888 1708 vocabitur.

209 1729 309 1770 Ant.
341 1728 448 1767 Erat
482 1731 608 1778 pater
635 1727 740 1768 Jesu
772 1732 817 1768 et
843 1732 983 1768 mater

155 1780 363 1821 mirantes
389 1794 521 1833 super
543 1781 629 1831 his,
656 1795 755 1834 quae
780 1781 981 1823 diceban-

155 1839 227 1876 tur
259 1835 314 1877 de
344 1835 437 1887 illo;
473 1842 517 1878 et
548 1837 774 1879 benedixit
804 1837 888 1877 illis
920 1838 980 1878 Si-

155 1902 296 1931 meon.

421 1932 620 1972 Psalmus
647 1933 711 1972 23.

246 1993 379 2033 emini
410 1998 477 2034 est
504 1999 640 2042 terra,
678 1998 722 2034 et
752 1993 980 2045 plenitudo

260 2049 366 2099 ejus:
385 2050 408 2075 *
433 2048 553 2089 orbis
571 2051 802 2097 terrerum,
831 2053 874 2088 et
892 2049 981 2088 uni-

156 2102 271 2143 versi
291 2103 365 2154 qui
383 2102 583 2144 habitant
601 2104 645 2144 in
666 2116 730 2144 eo.

209 2158 319 2207 Quia
342 2158 437 2210 ipse
465 2171 597 2211 super
620 2159 758 2199 maria
784 2159 982 2200 fundavit

157 2226 270 2253 eum:
295 2214 318 2238 *
344 2218 388 2254 et
412 2226 545 2265 super
564 2214 742 2254 flumina
762 2216 981 2265 praepara-

157 2268 220 2309 vit
239 2281 348 2309 eum.

210 2323 316 2372 Quis
336 2323 544 2364 ascendet
562 2324 606 2364 in
623 2329 818 2365 montem
833 2322 941 2364 Dfii?
957 2324 980 2349 *

158 2383 232 2419 aut
248 2379 344 2429 quis
364 2379 496 2420 stabit
514 2379 558 2420 in
576 2379 676 2420 loco
694 2385 846 2420 sancto
868 2377 980 2430 ejus?

209 2434 426 2474 Innocens
474 2433 675 2475 manibus
725 2439 768 2474 et
818 2433 981 2474 mundo

159 2489 307 2538 corde,
330 2489 354 2514 *
384 2489 458 2540 qui
484 2502 572 2530 non
600 2490 770 2541 accepit
796 2490 840 2529 in
868 2501 981 2529 vano

159 2544 346 2584 enimam
369 2557 506 2593 suam,
533 2556 615 2585 nec
639 2545 795 2595 juravit
814 2544 857 2584 in
877 2543 981 2584 dolo

158 2599 359 2649 proximo
380 2612 472 2640 suo.

210 2654 295 2694 Hic
335 2655 522 2706 accipiet
563 2654 913 2695 benedictionem
957 2665 982 2692 a

313 2793 376 2817 Pm
391 2793 484 2817 Verna.

1805 187 1870 221 413

1039 278 1245 319 Demino:
1260 280 1284 305 *
1299 284 1342 320 et
1361 280 1706 320 misericordiam
1726 293 1751 320 a
1770 281 1867 321 Deo

1040 334 1221 374 salutari
1241 347 1333 375 suo.

1090 390 1201 430 Haec
1229 394 1296 430 est
1324 391 1549 440 generatio
1580 391 1868 442 quaerentium

1041 457 1159 493 eum,
1194 445 1218 470 *
1261 446 1550 496 quaerentium
1592 447 1748 487 faciem
1784 447 1869 487 Dei

1039 500 1188 541 Jacob.

1091 555 1293 597 Attollite
1338 561 1492 608 portas
1532 557 1756 608 principes
1797 569 1867 597 ve-

1039 615 1167 660 stras,
1200 616 1243 652 et
1268 611 1499 652 elevemini
1522 617 1664 663 portae
1687 614 1867 652 aeterna-

1039 666 1119 707 les:
1139 667 1162 691 *
1183 672 1225 707 et
1244 666 1439 708 introibit
1458 668 1557 708 Rex
1576 667 1738 717 gloriae.

1091 722 1198 771 Quis
1226 727 1292 763 est
1312 723 1395 763 iste
1415 724 1513 763 Rex
1536 721 1711 772 gloriae?
1732 724 1756 749 *
1779 723 1866 763 Do-

1037 778 1179 818 minus
1208 778 1332 819 fortis
1364 783 1407 819 et
1441 784 1616 830 potens:
1653 778 1867 818 Dominus

1038 838 1198 884 potens
1217 834 1260 873 in
1277 834 1443 885 praelio.

1090 889 1293 930 Attonite
1334 894 1486 941 portas
1529 889 1751 940 principes
1796 902 1866 929 ve-

1038 948 1170 993 stras,
1213 949 1256 985 et
1293 945 1523 985 elevamini
1563 948 1705 996 portae
1743 949 1866 985 aeter-

1037 999 1176 1040 nales:
1204 1001 1227 1025 *
1256 1005 1299 1041 et
1326 1000 1523 1041 introibit
1550 1000 1647 1040 Rex
1675 1000 1836 1050 gloriae.

1090 1055 1195 1104 Quis
1242 1060 1309 1095 est
1356 1056 1439 1096 iste
1480 1055 1578 1096 Rex
1619 1054 1797 1105 gleriae?
1844 1056 1867 1080 *

1036 1111 1252 1151 Deminus
1285 1111 1498 1151 virtutum
1533 1111 1629 1162 ipse
1667 1115 1734 1151 est
1769 1111 1867 1151 Rex

1037 1165 1201 1216 gloriae.

1093 1221 1192 1261 Ant.
1221 1222 1329 1262 Erat
1359 1226 1487 1273 pater
1518 1221 1622 1261 Jesu
1655 1225 1699 1262 et
1726 1226 1866 1262 mater

1036 1276 1242 1317 mirantes
1269 1289 1401 1328 super
1424 1276 1510 1325 his⁷
1540 1289 1638 1327 quae
1663 1275 1864 1317 diceban-

1035 1336 1106 1372 tur
1141 1332 1196 1372 de
1230 1332 1321 1381 illo;
1355 1338 1398 1373 et
1431 1331 1657 1372 benedixit
1693 1331 1777 1371 illis
1805 1332 1865 1371 Si-

1035 1400 1176 1428 meon.

1092 1445 1142 1495 V.
1178 1447 1329 1487 Justus
1368 1446 1630 1496 germinabit
1667 1446 1780 1486 sicut
1816 1445 1862 1485 li-

1035 1501 1150 1542 lium.
1207 1507 1258 1557 R.
1286 1502 1342 1542 Et
1374 1501 1548 1542 florebit
1577 1501 1621 1540 in
1653 1503 1864 1541 aeternum

1035 1562 1136 1597 ante
1159 1557 1408 1597 Deminum.

1045 1629 1200 1669 Lectio
1216 1629 1356 1669 sancti
1375 1627 1602 1678 Evangelii
1621 1628 1863 1668 secundum

1317 1683 1587 1724 Matthaeum.

1142 1741 1293 1781 Lectio
1315 1742 1382 1780 vii.
1557 1743 1659 1794 Cap.
1681 1746 1708 1784 1.
1730 1757 1762 1783 c.

1035 1789 1182 1895 Cum
1207 1799 1325 1835 esset
1350 1794 1618 1846 desponsata
1637 1794 1778 1834 Mater
1796 1794 1821 1833 J
1824 1807 1863 1834 e-

1121 1863 1173 1890 su
1183 1850 1322 1890 Maria
1332 1850 1498 1901 Joseph
1514 1852 1747 1900 antequam
1764 1862 1862 1889 con-

1034 1908 1249 1952 venirent,
1277 1906 1453 1946 inventa
1480 1910 1547 1946 est
1571 1905 1614 1944 in
1639 1908 1765 1945 utero
1791 1904 1863 1945 ha-

1033 1960 1142 2001 bens
1162 1961 1217 2002 de
1236 1961 1400 2012 Spiritu
1419 1966 1583 2002 sancto.
1611 1961 1667 2000 Et
1685 1960 1862 2011 reliqua.

1037 2041 1226 2082 Homilia
1250 2042 1290 2082 S.
1315 2042 1574 2093 Hieronymi
1598 2041 1861 2092 Presbyteri.

1132 2106 1214 2139 Lib.
1242 2106 1268 2139 1.
1294 2106 1438 2142 Comm.
1466 2109 1503 2141 in
1529 2118 1558 2141 c.
1587 2109 1612 2141 l.
1639 2108 1769 2141 Matth.

1285 2159 1860 2266 Sssssdssspzaffiffiggzffigss‘

1035 2265 1054 2292 ΣΞ
1072 2264 1116 2293 (Ξ
1134 2267 1154 2293 ‘²¹'
1174 2269 1268 2311 tur?
1297 2270 1500 2318 Primum,
1520 2274 1567 2309 ut
1584 2281 1664 2320 per
1683 2281 1859 2318 genera-

1031 2326 1197 2366 tionem
1215 2326 1239 2365 J
1242 2325 1392 2376 oseph,
1421 2327 1545 2374 origo
1564 2323 1716 2364 Mariae
1739 2336 1859 2364 mon-

1033 2383 1261 2421 straretur:
1288 2380 1499 2428 secundo,
1518 2391 1572 2419 ne
1591 2378 1861 2430 lapidaretur

1033 2447 1060 2474 a
1077 2434 1242 2476 Juda‘eis
1261 2439 1309 2476 ut
1334 2433 1547 2475 adultera:
1572 2433 1720 2482 tertio,
1745 2438 1794 2474 ut
1816 2434 1860 2474 in

1033 2490 1276 2541 AEgthum
1316 2489 1484 2538 fugiens
1524 2487 1706 2529 haberet
1747 2488 1858 2529 sola-

1032 2544 1152 2585 tium.
1180 2545 1347 2595 Martyr
1365 2542 1560 2592 Ignatius
1583 2542 1714 2583 etiam
1734 2556 1858 2594 quar-

1033 2603 1123 2639 tam
1143 2597 1314 2640 addidit
1332 2610 1518 2645 causam,
1538 2609 1615 2637 cur
1629 2610 1655 2638 a
1669 2597 1858 2650 despon-

1033 2656 1130 2694 sata
1154 2655 1394 2704 conceptus
1419 2653 1492 2693 sit:
1520 2652 1579 2693 Ut
1602 2658 1773 2704 partus,
1798 2655 1858 2693 in—

1585 2780 1651 2811 27⁸
