2066 2956
875 205 1017 239 Psalmi
1042 204 1268 239 Graduales.

262 300 500 343 Venientes
542 305 687 343 autem
723 301 897 343 venient
939 314 1037 343 cum

211 357 519 407 exsultatione,
543 359 566 385 *
591 359 820 410 portantes
845 360 1037 411 manipu-

211 414 278 455 los
300 426 415 455 suos.

264 469 415 512 Gloria
433 471 564 513 Patri.

483 529 677 569 l’sal'mus
699 530 782 569 126.

309 584 361 624 isi
395 583 609 626 Dominus
644 584 929 627 aedificaverit
962 583 1037 626 do-

328 653 464 690 mum,
492 642 515 667 *
547 641 590 681 111
624 655 783 683 vanum
814 641 1038 682 laborave-

212 702 312 738 runt
333 697 405 749 qui
426 696 646 740 aedificant
665 711 771 740 eam.

262 753 359 794 Nisi
392 753 607 796 Dominus
647 754 906 796 custodierit
939 753 1039 795 civi-

211 812 364 859 tatem,
387 810 411 835 *
434 810 595 852 frustra
619 811 770 862 vigilat
797 810 871 864 qui
896 812 1039 853 custo-

212 865 276 908 dit
296 878 401 907 eam.

264 922 439 964 Vanum
482 928 549 965 est
589 922 715 965 vobis
756 929 856 965 ante
897 923 1040 965 lucem

212 981 407 1030 surgere:
425 980 449 1005 *
469 980 633 1031 surgite
656 985 894 1033 postquam
917 979 1038 1021 sede-

211 1036 321 1085 ritis,
358 1036 433 1087 qui
466 1035 739 1079 manducatis
771 1050 931 1090 panem
964 1036 1037 1079 do-

212 1092 328 1133 loris.

267 1149 376 1190 Cum
417 1148 587 1192 dederit
627 1150 800 1192 dilectis
841 1150 931 1192 suis
972 1163 1039 1192 so-

213 1219 375 1247 mnum:
402 1207 426 1232 *
455 1219 557 1248 ecce
593 1207 829 1249 haereditas
862 1207 1039 1248 Domini

213 1262 306 1303 filii:
324 1275 503 1313 merces,
521 1263 688 1305 fructus
708 1264 885 1306 ventris.

266 1319 386 1360 Sicut
412 1321 583 1370 sagittae
610 1320 654 1361 in
678 1334 809 1362 manu
832 1321 1039 1374 potentis:

217 1376 240 1402 *
259 1376 319 1417 ita
338 1376 415 1416 filii
436 1379 733 1418 excussorum.

266 1432 431 1474 Beatus
460 1433 526 1474 vir
554 1433 628 1486 qui
651 1434 850 1487 implevit
872 1433 1040 1476 deside-

214 1488 326 1529 rium
348 1502 475 1530 suum
499 1502 553 1531 ex
572 1489 696 1542 ipsis:
714 1491 739 1516 *
757 1503 845 1532 non
865 1490 1041 1532 confun-

215 1544 343 1586 detur
375 1558 475 1587 cum
507 1545 713 1598 loquetur
739 1547 924 1589 inimicis
953 1547 1042 1588 suis

214 1601 257 1641 in
276 1606 416 1654 porta.

268 1658 420 1700 Gloria
438 1658 568 1700 Patri.

480 1721 683 1781 Psalmus·
694 1721 777 1761 127.

215 1770 387 1892 Beati
415 1783 582 1822 omneS,
611 1772 685 1825 qui
712 1773 867 1815 timent
893 1773 1041 1814 Domi-

317 1841 437 1878 num,
465 1830 489 1855 *
520 1829 594 1881 qui
627 1829 851 1872 ambulant
883 1830 927 1870 in
960 1830 1042 1871 viis

216 1884 319 1936 ejus.

267 1940 463 1982 Labores
496 1943 703 1984 manuum
734 1906 909 1984 tuarum
941 1943 1042 1995 quia

218 1996 518 2096 mssanducabis:
540 2000 563 2026 *
586 1998 742 2041 beatus
769 2013 831 2050 es,
860 2004 904 2042 et
930 1999 1043 2042 bene

215 2054 248 2095 ti
280 2054 405 2096 ierit.

266 2111 390 2153 Uxor
407 2115 483 2152 tua
502 2111 613 2153 sicut
630 2111 731 2153 vitis
755 2111 998 2164 abundans,
1016 2115 1040 2141 *

215 2167 258 2208 in
276 2167 485 2210 lateribus
507 2167 665 2210 domus
683 2172 782 2210 tuae.

266 2224 364 2265 Filii
387 2224 451 2266 tui
475 2224 589 2267 sicut
611 2225 798 2267 novellae
818 2226 1041 2277 olivarum,

216 2281 240 2306 *
257 2281 301 2322 111
319 2281 503 2323 circuitu
521 2294 686 2323 mensae
703 2286 803 2323 tuae.

269 2337 385 2379 Ecce
421 2338 484 2379 sic
518 2337 802 2380 benedicetur
837 2339 986 2390 homo,
1018 2341 1042 2366 ¹⁸¹

221 2393 294 2444 qui
312 2395 437 2436 timet
455 2394 702 2436 Duminum.

270 2450 509 2492 Benedicat
527 2451 608 2493 tibi
621 2451 836 2493 D6minus
856 2464 910 2493 ex
926 2453 1041 2494 Sion:

219 2506 242 2531 *
264 2511 307 2547 et
331 2507 482 2549 videas
508 2508 624 2550 bona
642 2508 885 2550 Jerusalem
909 2510 1043 2551 omni-

219 2561 302 2603 bus
321 2562 475 2605 diebus
494 2565 595 2607 vitae
614 2570 713 2607 tuae.

272 2619 328 2660 Et
346 2619 495 2661 videas
514 2621 630 2662 filios
653 2621 842 2663 filiorum
860 2624 1044 2672 tuorum,

220 2675 244 2701 *
263 2688 419 2728 pacem
438 2689 569 2729 super
588 2678 735 2720 Israel.

273 2732 424 2774 Gloria
442 2733 573 2775 Patri.

1358 301 1557 342 Psalmus
1578 303 1662 342 128.

1162 370 1259 410 aepe
1278 358 1637 411 expugnaverunt
1652 369 1722 398 me
1736 369 1762 398 a
1774 356 1917 409 juven-

1174 416 1270 456 tute
1287 426 1396 464 mea,
1414 415 1439 441 *
1458 413 1575 455 dicat
1588 426 1710 462 ⁴nunc
1727 413 1875 455 Israel.

1143 470 1271 524 Saepe
1307 471 1666 523 expugnaverunt
1697 482 1768 511 me
1799 482 1826 512 a
1858 471 1918 524 ju-

1094 530 1273 569 ventute
1296 540 1409 569 mea:
1429 528 1453 555 *
1471 526 1632 569 etenim
1655 539 1743 568 non
1766 528 1917 580 potue-

1093 588 1194 625 runt
1213 583 1329 625 mihi.

1143 641 1285 694 Supra
1312 639 1492 682 dorsum
1513 652 1659 681 meum
1681 622 1917 682 fabricave-

1093 703 1194 739 runt
1210 699 1486 750 peccatores:
1504 695 1918 749 *prolongaverunt

1092 754 1364 807 iniquitatem
1383 767 1517 795 suam.

1142 811 1359 852 Dominus
1390 811 1527 863 justus
1562 809 1752 852 concidit
1784 812 1918 852 cervi-

1092 881 1166 910 ces
1201 869 1500 921 peccatorum:
1535 868 1560 895 *
1596 866 1919 909 confundantur

1094 930 1137 967 et
1161 926 1472 966 convertantur
1494 925 1735 966 retrursum
1757 935 1919 975 omneS,

1095 982 1169 1034 qui
1189 980 1376 1023 oderunt
1392 981 1508 1022 Sion.

1143 1038 1271 1079 Fiant
1298 1037 1411 1079 sicut
1439 1037 1606 1078 foenum
1632 1038 1867 1080 tectorum:
1893 1037 1918 1063 *

1094 1094 1213 1147 quod
1226 1094 1483 1147 priusquam
1498 1093 1719 1144 evellatur,
1737 1093 1919 1136 exaruit:

1143 1151 1211 1193 De
1251 1163 1340 1203 quo
1379 1163 1470 1193 11011
1507 1150 1706 1203 implevit
1742 1163 1918 1192 manum

1092 1220 1215 1249 suam
1241 1208 1315 1260 qui
1338 1208 1482 1257 metit,
1508 1208 1533 1234 *
1557 1212 1602 1249 et
1626 1206 1768 1248 sinum
1792 1220 1919 1249 suum

1094 1265 1168 1317 qui
1187 1264 1433 1318 manipulos
1453 1263 1630 1315 colligit.

1144 1321 1201 1363 Et
1215 1334 1303 1363 non
1319 1320 1522 1363 dixerunt
1538 1320 1611 1373 qui
1620 1320 1920 1373 praeteribant:

1093 1377 1352 1420 Benedictio
1389 1377 1567 1419 Domini
1602 1389 1734 1430 super
1767 1389 1864 1419 vos:
1895 1378 1921 1405 ¹⁸¹

1093 1434 1395 1477 benediximus
1415 1433 1543 1476 vobis
1564 1434 1608 1475 in
1629 1433 1807 1475 numine
1823 1433 1921 1474 Dffi.

1147 1491 1300 1534 Gloria
1317 1491 1449 1533 Patri.

1145 1551 1288 1586 Postea
1312 1551 1454 1586 dicitur
1474 1550 1588 1586 flexis
1613 1550 1777 1594 genibus

1146 1600 1283 1654 Kyrie
1311 1600 1485 1643 eleison.
1535 1598 1710 1640 Christe
1743 1598 1920 1641 eleison.

1100 1657 1232 1711 Kyrie
1251 1657 1426 1700 eleison.

1146 1715 1277 1756 Pater
1293 1718 1454 1756 noster.
1476 1719 1658 1755 secreto.

1147 1765 1196 1817 V
1216 1770 1273 1812 Et
1291 1783 1346 1812 ne
1365 1783 1446 1813 nos
1464 1772 1676 1815 inducas
1663 1786 1708 1813 1n
1721 1772 1922 1814 tentatio-

1097 1839 1207 1869 nem.
1232 1830 1282 1881 R.
1302 1826 1390 1869 Sed
1408 1827 1547 1870 libera
1565 1841 1648 1870 nos
1668 1841 1694 1870 a
1711 1828 1839 1870 malo.

1130 1878 1197 1929 V.
1217 1883 1438 1926 Memento
1458 1885 1809 1936 congregationis
1823 1890 1923 1927 tuae.

1096 1942 1144 1992 Ιζι.
1165 1941 1308 2006 Quam
1325 1941 1565 1994 possedisti
1584 1941 1639 1984 ab
1658 1942 1794 1984 initio.

1149 1991 1195 2042 V.
1242 1998 1430 2040 D6mine
1476 1998 1634 2040 exaudi
1679 1998 1923 2040 orationem

1096 2067 1249 2097 meam.
1288 2057 1335 2107 R
1369 2055 1426 2098 Et
1453 2054 1617 2097 clamor
1643 2067 1768 2097 meus
1795 2053 1851 2097 ad
1877 2059 1922 2097 te

1096 2112 1253 2154 veniat.

1147 2162 1195 2212 V.
1239 2169 1454 2210 Dominus
1489 2169 1729 2211 vobiscum.
1777 2174 1828 2225 R.
1865 2167 1923 2210 Et

1098 2239 1197 2268 cum
1216 2225 1371 2278 spiritu
1390 2229 1479 2267 tuo.

1198 2283 1398 2326 Oremus.
1442 2286 1449 2293 '
1651 2285 1815 2326 Oratio.

1094 2336 1276 2442 Deus
1295 2338 1365 2380 cui
1391 2338 1618 2391 proprium
1641 2342 1709 2380 est
1726 2337 1920 2379 misereri

1192 2407 1366 2448 semper
1384 2399 1428 2437 et
1445 2397 1642 2448 parcere:
1661 2394 1836 2446 suscipe
1850 2392 1921 2435 de-

1097 2451 1397 2506 precationem
1426 2456 1636 2502 nostram3
1671 2454 1719 2492 ut
1747 2463 1846 2499 nos,
1879 2455 1923 2491 et

1098 2521 1250 2551 omnes
1269 2507 1455 2549 famulos
1474 2513 1593 2557 11108,
1613 2519 1725 2559 quos
1744 2505 1921 2549 delicto-

1096 2579 1194 2607 rum
1217 2566 1371 2607 catena
1395 2563 1668 2614 constringit,
1699 2562 1922 2604 miseratio

1096 2627 1185 2664 tuae
1225 2620 1400 2674 pietatis
1441 2620 1676 2662 clementer
1711 2618 1922 2661 absolvat.

1097 2679 1182 2720 Per
1207 2677 1426 2719 Christum
1449 2676 1686 2718 Dominum
1713 2681 1922 2718 nostrum.

1147 2736 1195 2787 R.
1227 2734 1379 2776 Amen.
