2066 2956
593 239 661 273 Die
685 239 737 272 27.
763 239 920 282 Aprilis.
968 239 1008 272 B.
1034 238 1137 272 Petri
1163 238 1309 272 Cunisii
1336 237 1443 272 Conf.

371 337 433 377 In
454 336 516 376 11.
534 336 786 386 vesperis.

217 404 354 438 Omnia
378 408 418 438 ut
442 404 481 436 in
506 402 642 446 primis
668 401 774 445 [351]‚
798 405 938 443 praeter

218 460 287 500 Ad
308 459 481 509 Magnif.
515 459 617 499 Ant.
655 457 774 498 Felix
799 470 845 498 es
869 470 993 498 sacra

164 515 306 566 Virgo
321 514 470 563 Maria,
490 518 535 554 et
554 513 672 554 omni
690 512 820 554 laude
836 512 993 563 dignis-

166 571 291 612 sima:
311 569 412 622 quia
431 582 486 611 ex
504 574 548 610 te
569 573 691 610 ortus
712 573 778 610 est
797 568 863 609 sol
878 569 993 620 justi-

164 627 257 677 tiae,
287 625 488 668 Christus
507 625 629 666 Deus
654 630 822 674 noster,
849 625 996 675 magni

166 681 348 724 Consilii
370 681 577 732 Angelus,
597 680 780 732 alleluja.

397 776 482 817 Die
500 775 565 816 27.
586 775 762 828 Aprilis.

294 849 346 890 B.
371 848 510 889 Petri
534 847 720 889 canisii
742 846 864 886 Conf.

500 915 663 958 Duplex.

220 976 357 1011 Omnia
388 976 435 1010 de
466 976 611 1011 Comm.
643 976 751 1010 Conf.
782 986 859 1010 non
884 976 993 1009 Pont.

167 1022 241 1066 [84]
258 1029 400 1068 praeter
424 1034 530 1067 sequ.
557 1021 617 1062 (m.
641 1020 739 1063 t.'v.)

504 1084 667 1125 Oratio.

166 1147 350 1252 Deus,
388 1146 462 1198 qui
496 1145 553 1187 ad
580 1145 790 1186 tuendam
818 1143 997 1185 catholi-

273 1216 370 1244 cam
415 1201 550 1243 fidem
594 1201 775 1242 beatum
818 1200 999 1240 Petrum

169 1259 481 1301 Confessorem
511 1262 637 1299 tuum
661 1257 823 1297 virti'ite
854 1260 898 1296 et
922 1254 997 1296 do-

169 1318 308 1357 ctrina
344 1314 583 1356 roborasti:
621 1312 816 1354 concede
850 1313 997 1363 propi-

169 1372 271 1422 tius3
303 1375 352 1412 ut
386 1371 476 1422 ejus
510 1369 723 1421 exemplis
752 1373 795 1410 et
822 1367 999 1408 monitis

170 1427 407 1469 errantium
435 1425 572 1467 corda
600 1425 657 1466 ad
685 1424 871 1465 salutem
897 1423 999 1463 resi-

169 1485 359 1536 piscant,
389 1486 432 1523 et
455 1481 651 1523 fidelium
673 1484 844 1521 mentes
867 1478 911 1518 in
930 1491 1000 1519 ve-

170 1539 312 1580 ritatis
324 1538 601 1580 confessione
612 1537 906 1589 perseverent.
917 1535 1002 1574 Per

170 1595 407 1636 Dominum
425 1598 635 1634 nostrum.
693 1590 694 1593 ’

220 1658 265 1692 In
295 1658 322 1692 Ι.
351 1658 552 1692 Nocturno
584 1656 788 1691 Lectiones
821 1655 867 1689 de
900 1653 998 1688 Scri-

169 1711 282 1750 ptura
308 1708 541 1740 occurrente.

226 1762 272 1796 In
287 1761 401 1796 Feria
416 1761 462 1795 Π.
481 1764 518 1795 et
532 1760 595 1795 IV.
613 1760 748 1803 Rogat.
770 1759 912 1794 Beatus
928 1758 999 1793 vir.

170 1810 201 1844 2.
221 1809 320 1845 loco.
345 1809 416 1852 [94]

396 1877 447 1916 In
472 1877 523 1915 ΙΙ.
551 1875 774 1915 Nocturno.

473 1944 627 1986 Lectio
647 1943 700 1983 iv.

270 2015 407 2052 etrus
436 2009 634 2051 Canisius
663 2007 928 2056 Noviomagi
959 2007 1004 2047 in

267 2086 283 2117 ·9
305 2066 487 2108 Geldria
505 2069 634 2106 natus
655 2068 721 2104 est
741 2075 793 2104 eo
812 2063 911 2114 ipso
931 2075 1002 2102 an—

233 2121 283 2145 -’
304 2135 379 2172 no,
409 2134 496 2174 quo
516 2120 736 2162 Lutherus
759 2119 804 2159 in
824 2118 1019 2167 Germa--

173 2179 259 2229 nia,
279 2180 431 2231 aperta
450 2176 705 2225 rebellione,
732 2174 787 2215 ab
807 2173 1006 2214 Ecclesia

175 2235 376 2283 descivit,
403 2238 448 2275 et
471 2231 667 2283 Ignatius
693 2230 749 2272 de
767 2229 938 2281 Loyola
956 2228 1006 2268 in

174 2291 402 2343 Hispania,
417 2289 615 2331 terrestri
626 2286 780 2328 militia
791 2284 1006 2333 abdicata,

175 2347 233 2388 ad
259 2344 551 2399 praeliandum
575 2343 731 2396 praelia
754 2340 934 2382 Domini
958 2352 1006 2380 se

177 2402 376 2451 contulit;
400 2402 498 2442 Deo
521 2399 725 2440 nimirum
743 2394 1006 2450 portenden-

176 2463 238 2508 te,
268 2470 380 2510 quos
403 2456 477 2497 ille
504 2454 693 2508 posthac
718 2451 1007 2500 adversarios,

178 2526 311 2565 quem
342 2525 480 2554 sacrae
512 2511 679 2552 militiae
709 2509 866 2550 ducem
891 2511 1008 2548 esset

177 2569 416 2612 habitatus.
482 2566 677 2608 Coloniae
731 2563 1006 2615 Agrippinae,

180 2637 267 2676 quo
291 2624 538 2666 studiorum
561 2634 692 2663 causa
717 2621 1006 2666 concesserat,

179 2681 346 2732 primus
366 2680 686 2720 Germanorum
710 2673 920 2716 Societati
939 2673 964 2713 J
967 2685 1006 2713 e-

181 2749 232 2776 su
250 2747 411 2776 nomen
431 2733 572 2783 dedit,
600 2737 643 2773 et
668 2729 916 2772 sacerdotio
936 2741 1006 2769 au-

336 2874 401 2898 Pars
416 2874 510 2898 Verna.

1783 232 1874 277 [357]

1049 336 1160 381 ctus,
1206 344 1375 372 summo
1411 331 1565 383 populi
1603 329 1875 371 Coloniensis

1049 387 1242 438 clerique
1284 389 1501 428 consensu
1542 386 1598 427 ad
1636 385 1876 435 Georgium

1046 443 1305 484 Pontificem
1323 443 1634 484 Leodiensium
1656 447 1699 483 et
1721 440 1777 482 ad
1798 441 1875 481 Ca-

1049 499 1191 540 rolum
1207 499 1405 550 quintum
1419 501 1651 549 augostum
1666 497 1877 538 adversus

1049 555 1350 596 Hermannum
1375 554 1772 606 archiepiscopum,
1803 552 1878 603 qui

1049 610 1196 663 palam
1214 610 1418 651 haeresim
1435 623 1529 663 prae
1551 623 1598 651 se
1618 609 1796 658 ferebat,
1820 608 1877 648 le-

1048 669 1176 717 gatus
1206 671 1284 708 est.
1322 666 1390 707 Ob
1418 666 1680 718 praeclaram
1711 665 1877 716 sapien-

1048 723 1156 763 tiam
1176 728 1219 763 et
1240 722 1518 774 exploratum
1542 734 1688 762 rerum
1707 733 1834 761 usum
1853 732 1879 760 a

1050 778 1271 819 Cardinali
1298 779 1558 828 Augustano
1585 782 1628 818 et
1654 790 1679 817 a
1702 775 1878 817 Pontifi-

1050 835 1127 875 ciis
1152 834 1329 885 Legatis
1354 836 1623 886 magnopere
1648 834 1879 884 expetitus,

1051 890 1187 931 semel
1215 895 1347 942 atque
1375 892 1533 931 iterum
1561 888 1758 929 Concilio
1787 887 1879 927 Tri-

1051 945 1230 987 dentino
1258 946 1469 995 interfuit,
1497 946 1618 995 cujus
1648 944 1779 984 etiam
1808 942 1878 983 de-

1052 1004 1172 1043 creta
1187 1015 1242 1043 ex
1258 1002 1516 1043 auctoritate
1531 1001 1597 1041 Pii
1614 999 1756 1052 quarti
1770 999 1879 1039 Pon-

1050 1058 1181 1098 tificis
1201 1058 1381 1098 Maximi
1399 1058 1481 1099 rite
1500 1070 1579 1109 per
1600 1055 1881 1097 Germaniam

1052 1113 1391 1165 promulganda,
1420 1118 1463 1154 et
1490 1113 1537 1153 inv
1561 1124 1730 1153 morem
1757 1110 1879 1151 indu-

1053 1169 1192 1210 cenda
1216 1169 1396 1210 curavit.
1429 1169 1470 1209 A
1487 1168 1626 1209 Paulo
1648 1172 1806 1219 quarto
1826 1164 1883 1206 ad

1053 1227 1317 1266 conventum
1331 1224 1702 1266 Petricoviensem
1721 1223 1784 1263 ire
1802 1223 1882 1273 jus-

1053 1294 1144 1331 sus,
1182 1281 1366 1332 aliisque
1402 1294 1427 1321 a
1459 1279 1676 1330 Gregorio
1711 1278 1882 1319 decimo

1053 1337 1184 1377 tertio
1209 1336 1501 1386 legationibus
1526 1334 1740 1377 obeundis
1765 1333 1882 1374 adhi-

1053 1391 1186 1441 bitus,
1215 1393 1349 1433 alacri
1377 1404 1551 1443 semper
1577 1396 1621 1432 et
1646 1402 1883 1441 numquam

1053 1448 1194 1489 fracto
1215 1461 1240 1488 a
1260 1447 1591 1489 difficultatibus
1611 1446 1770 1493 animo,
1790 1458 1882 1496 gra-

1053 1504 1231 1544 vissima
1254 1503 1477 1554 religionis
1501 1502 1679 1553 negotia
1697 1503 1883 1542 tractan-

1054 1557 1111 1600 da
1130 1559 1340 1611 suscepit,
1361 1571 1412 1599 ac
1431 1558 1501 1599 vel
1520 1558 1632 1599 inter
1651 1557 1884 1609 praesentia

1053 1615 1157 1655 vitae
1178 1614 1430 1655 discrimina
1449 1612 1505 1655 ad
1521 1613 1684 1654 exitum
1698 1612 1881 1653 feliciter

1054 1669 1272 1721 perdfixit.

1106 1740 1157 1791 R.
1189 1739 1438 1779 Honestum
1463 1737 1565 1778 fecit
1589 1737 1710 1777 illum
1736 1735 1884 1776 Domi-

1054 1807 1151 1843 nus,
1177 1800 1220 1836 et
1239 1793 1477 1835 custodivit
1496 1806 1595 1834 eum
1614 1792 1668 1833 ab
1689 1790 1882 1839 inimicis,

1057 1854 1100 1891 et
1127 1862 1153 1890 a
1183 1849 1490 1891 seductoribus
1516 1848 1675 1890 tutavit
1701 1846 1835 1887 illum:
1859 1844 1880 1866 *

1056 1906 1113 1947 Et
1147 1905 1267 1947 dedit
1298 1905 1360 1946 illi
1393 1905 1637 1946 claritatem
1666 1905 1885 1950 aeternam,

1056 1961 1238 2013 alleluja.
1264 1955 1314 2006 V.
1339 1961 1363 2001 J
1365 1966 1511 2002 ustum
1534 1959 1717 2001 deduxit
1735 1958 1884 1998 Domi-

1056 2030 1139 2058 nus
1157 2031 1236 2070 per
1256 2017 1349 2059 vias
1368 2022 1528 2066 rectas,
1548 2021 1591 2057 et
1612 2013 1806 2056 ostendit
1825 2012 1886 2052 illi

1057 2085 1239 2123 regnum
1258 2073 1351 2114 Dei.
1378 2073 1447 2113 Et.

1368 2150 1519 2192 Lectio
1539 2164 1577 2190 v.

1149 2227 1278 2268 ivinae
1304 2226 1455 2277 gloriae
1480 2221 1799 2276 amplificandae
1825 2222 1884 2262 in-

1157 2284 1321 2332 tentus,
1355 2281 1440 2323 dici
1472 2280 1544 2321 vix
1575 2283 1743 2331 potest,
1779 2283 1887 2329 quot

1058 2351 1139 2392 per
1158 2351 1296 2380 annos
1316 2336 1502 2388 amplius
1522 2334 1810 2387 quadraginta
1827 2333 1885 2374 la-

1058 2395 1190 2436 bores
1203 2393 1456 2444 susceperit,
1472 2392 1779 2441 aerumnasque
1789 2401 1885 2441 per-

1059 2450 1218 2491 tulerit.
1246 2448 1424 2489 Cunctis
1444 2447 1534 2487 fere
1555 2445 1803 2487 Germaniae
1823 2457 1906 2485 re·-

1060 2504 1263 2556 gionibus
1294 2502 1554 2555 peragratis,
1593 2513 1721 2542 omne
1751 2499 1886 2541 homi-

1060 2574 1165 2601 num
1192 2572 1329 2610 genus
1358 2557 1651 2599 saluberrimis
1678 2556 1887 2596 institutis

1060 2616 1237 2668 piiblice
1263 2619 1306 2656 et
1331 2613 1535 2665 privatim
1561 2611 1768 2653 excoluit:
1793 2610 1886 2662 plu-

1060 2674 1219 2723 resque
1243 2669 1374 2711 urbes
1395 2674 1527 2720 atque
1546 2668 1798 2720 provincias
1817 2665 1887 2707 vel

1063 2727 1117 2768 ab
1144 2726 1365 2766 haereseos
1396 2724 1655 2774 contagione
1683 2720 1887 2768 defendit,

1625 2852 1681 2883 X*
