2066 2956
653 219 828 252 (ll'licium
856 218 1027 251 votivum
1055 216 1101 249 de
1127 214 1278 249 Sanctis
1304 214 1475 255 Angelis.

261 320 307 368 lq.
344 317 402 357 br.
446 310 661 353 Ascendit
692 311 835 352 fumus
867 313 1034 353 aroma-

202 374 294 410 tum
311 374 330 396 *
340 369 390 408 In
406 370 649 420 conspectu
659 368 849 409 Domini.
869 367 1033 409 Ascen-

203 425 277 467 dit.
319 420 366 470 Υ.
395 425 461 466 De
490 437 622 465 manu
648 424 818 475 Angeli.
854 424 907 465 In
935 436 1034 465 con-

202 483 369 534 spectu.
400 480 550 522 Gloria
570 481 701 523 Patri.
730 480 956 522 Ascendit.

261 543 307 587 ,ΚΖ
319 538 371 578 In
383 539 625 590 conspectu
636 537 909 589 Angelorum
922 536 1034 589 psal-

201 595 288 636 lam
316 594 395 636 tibi
420 594 543 636 Deus
568 606 705 635 meus.
748 595 792 645 lxssu
820 592 1034 635 Adorabo

202 651 257 692 ad
272 650 486 703 templum
500 655 701 691 sanctum
715 655 851 699 tuum,
873 655 917 691 et
934 662 1035 690 con-

202 707 362 748 fitebor
380 707 546 748 ndmini
564 712 652 748 tuo.

392 770 613 819 Tempore
638 766 845 806 l‘asclmli.

261 832 306 881 R:-
335 831 394 870 br
439 828 652 870 Ascendit
690 827 833 868 fumus
868 828 1034 868 aroma-

202 891 296 926 tum
321 886 363 926 in
389 887 632 937 conspectu
656 883 850 932 Domini,
875 884 896 904 ¹⁸
920 882 1035 924 Alle-

202 942 304 993 luia,
325 942 509 992 alleluja.
538 939 762 982 Ascendit.
794 933 841 982 .Υ”.
860 940 928 981 De
948 951 1034 980 ma-

202 1012 259 1039 nu
281 998 451 1049 Angeli.
485 997 690 1049 Alleluia,
716 997 899 1048 alleluja.
935 995 1036 1037 Glo-

201 1055 265 1096 ria
285 1055 415 1096 Patri.
445 1054 670 1096 Ascendit.

259 1108 305 1156 ‚Yss
319 1112 370 1151 In
385 1112 628 1163 conspectu
639 1110 911 1161 Angelorum
921 1108 1035 1161 psal-

202 1168 290 1208 lam
304 1167 516 1208 tibiDeus
532 1179 668 1216 meus,
689 1166 871 1217 alleluja.
900 1165 1038 1214 1{·.Ad-

204 1224 342 1265 orabo
368 1223 425 1264 ad
447 1223 662 1275 templum
682 1227 881 1265 sanctum
902 1227 1037 1270 tuum,

203 1285 247 1321 et
266 1279 515 1322 confitebor
543 1280 707 1320 nomini
730 1285 826 1329 tuo,
856 1278 1038 1329 alleluja.

486 1357 553 1393 Ad
577 1357 762 1394 Nonam.

256 1418 355 1458 Ant.
389 1417 556 1468 Angeli,
578 1416 854 1467 Archangeli.

282 1477 542 1528 Capitulum.
692 1478 828 1527 Apoc.
845 1478 902 1516 12.
921 1476 959 1516 b.

203 1536 430 1641 Factum
455 1544 523 1580 est
547 1539 749 1591 praelium
767 1551 973 1590 magnum
993 1538 1037 1578 in

303 1596 435 1637 coelo:
466 1595 655 1637 Michael
686 1601 730 1637 et
756 1594 915 1646 Angeli
947 1595 1038 1646 ejus

203 1651 520 1704 praeliabantur
540 1664 640 1692 cum
657 1651 863 1701 dracone,
883 1656 927 1693 et
942 1649 1037 1692 dra-

205 1722 258 1750 co
279 1707 516 1761 pugnabat,
537 1713 580 1750 et
599 1708 743 1758 angeli
764 1709 868 1759 ejus:
888 1712 933 1749 et
949 1719 1038 1748 non

205 1764 548 1817 praevaluerunt,
573 1777 717 1817 neque
743 1764 868 1805 locus
892 1764 1038 1804 inven-

204 1827 275 1862 tus
297 1826 363 1862 est
382 1822 534 1862 eorum
554 1820 741 1873 amplius
760 1820 803 1860 in
824 1819 951 1861 coelo.

258 1879 306 1929 R.
327 1878 389 1917 br.
424 1881 475 1920 In
500 1882 744 1933 conspectu
766 1879 1039 1930 Angelorum

204 1936 227 1959 *
266 1936 458 1978 Psallam
498 1936 578 1978 tibi
614 1936 737 1978 Deus
778 1948 912 1977 meus.
975 1935 1039 1975 In.

206 1986 253 2037 Υ
284 1991 499 2034 Adorabo
525 1992 582 2034 ad
605 1992 820 2045 templum
840 1996 1040 2033 sanctum

205 2056 343 2098 tuum,
391 2054 435 2090 et
472 2049 717 2090 confitebor
751 2047 928 2090 nomini.
950 2052 1039 2089 tuo.

205 2105 405 2147 Psallam.
434 2102 587 2146 Gloria
605 2104 737 2146 Patri.
767 2105 829 2145 In.

257 2153 306 2202 V.
350 2160 546 2202 Adorate
583 2160 738 2202 Deum.
788 2157 837 2207 R«.
876 2160 1039 2202 Omnes

207 2217 365 2269 Angeli
391 2218 493 2268 ejus.

395 2276 614 2326 Tempore
636 2275 847 2316 paschali.

261 2338 307 2387 Ry.
335 2338 394 2377 br.
422 2339 472 2378 In
500 2338 744 2390 conspectu
769 2338 1040 2389 Angelorum

206 2394 392 2444 psallam
410 2394 492 2436 tibi
507 2395 630 2436 Deus
650 2407 775 2436 meus
800 2393 822 2417 *
840 2394 1040 2445 Alleluja,

209 2449 390 2501 alleluja.
416 2451 466 2490 In
482 2453 735 2503 conspectu.
757 2427 806 2495 ύ.
826 2450 1039 2492 Adorabo

207 2504 263 2546 ad
283 2506 496 2557 templum
510 2512 710 2548 sanctum
726 2512 860 2556 tuum,
880 2511 925 2548 et
940 2519 1039 2548 con-

208 2560 366 2601 fitebor
391 2563 552 2603 nomini
576 2569 666 2604 tuo.
704 2563 909 2614 Alleluia,
938 2562 1039 2603 alle—

207 2615 303 2677 luja.
334 2616 483 2658 Gloria
502 2619 630 2660 Patri.
659 2619 708 2659 In
728 2620 980 2671 conspeetu.

261 2669 310 2714 V·
331 2671 528 2714 Adorate
542 2675 694 2723 Deum,
711 2674 893 2726 alleluja.
915 2672 963 2721 R·-
985 2675 1038 2715 O-

208 2740 330 2767 mnes
351 2728 506 2777 Angeli
527 2730 628 2780 ejus,
649 2730 831 2782 alleluja.

1295 314 1357 354 In
1378 313 1437 355 Π.
1461 313 1714 364 vesperis.

1147 382 1233 414 Ant.
1250 381 1297 415 de
1315 380 1433 414 Laud.
1446 377 1539 423 [224]
1574 379 1633 412 l-‘s
1651 383 1689 412 ut
1709 378 1745 411 in
1764 378 1788 411 Ι.
1807 377 1922 420 Vcsp.

1094 429 1141 462 de
1163 429 1306 463 Comm.
1325 429 1462 471 Apost.
1476 427 1525 471 [1]
1547 432 1581 461 ct
1599 427 1686 461 loco
1705 426 1827 459 ultimi

1364 489 1559 528 l'salmus
1581 486 1663 525 137.

1094 541 1389 648 Confitebor
1421 550 1501 591 tibi
1531 549 1720 591 Domine
1752 549 1795 589 in
1827 552 1923 590 toto

1185 605 1319 648 corde
1343 619 1458 648 meo:
1481 608 1506 633 *
1530 605 1738 658 quoniam
1762 604 1925 647 audisti

1089 663 1225 705 verba
1248 663 1337 704 oris
1356 663 1454 704 mei.

1140 720 1192 760 In
1228 721 1472 772 conspectu
1503 718 1778 770 Angelorum
1809 716 1923 770 psal·

1089 776 1176 818 lam
1209 775 1306 818 tibi:
1335 777 1358 800 *
1386 774 1587 817 adorabo
1621 773 1679 816 acl
1709 773 1925 826 templum

1090 837 1290 874 sanctum
1322 837 1460 882 tuum,
1493 837 1536 873 et
1569 829 1815 873 confitebor
1849 831 1925 871 no-

1088 889 1194 929 mini
1213 893 1301 930 tuo.

1145 946 1287 998 Super
1310 943 1615 986 misericordia
1638 948 1729 994 tua,
1753 947 1798 985 et
1816 942 1924 984 veri—

1090 1003 1181 1043 tate
1214 1006 1304 1043 tua:
1336 1002 1360 1027 *
1396 1001 1604 1053 quoniam
1634 998 1926 1051 magnificasti

1092 1070 1225 1110 super
1240 1070 1380 1107 omne,
1399 1069 1560 1099 nomen
1575 1060 1777 1098 sanctum
1790 1060 1925 1097 tuum.

1142 1114 1193 1154 In
1233 1117 1510 1167 quacumque
1547 1113 1620 1155 die
1657 1113 1924 1154 invocavero

1089 1176 1149 1219 te,
1182 1170 1343 1218 exaudi
1370 1183 1455 1213 me:
1483 1170 1507 1196 *
1534 1168 1850 1222 multiplicabis
1881 1167 1925 1208 in

1091 1227 1234 1268 anima
1253 1239 1352 1268 mea
1370 1227 1588 1268 virtutem.

1145 1283 1447 1325 Confiteantur
1464 1282 1547 1324 tibi
1561 1281 1752 1323 Domine
1772 1292 1925 1323 omnes

1092 1352 1219 1391 reges
1252 1345 1399 1381 terrae:
1426 1339 1450 1365 *
1479 1339 1582 1391 quia
1614 1337 1847 1380 audierunt
1881 1338 1924 1378 ὁ-

1090 1395 1207 1437 mnia
1227 1395 1363 1437 verba
1382 1395 1472 1437 oris
1490 1394 1571 1436 tui:

1143 1452 1201 1493 Et
1222 1456 1400 1494 cantent
1413 1451 1458 1492 in
1473 1451 1556 1492 viis
1570 1450 1764 1492 Domini:
1778 1450 1803 1476 *
1818 1451 1925 1502 quo-

1091 1508 1209 1549 niam
1226 1520 1386 1559 magna
1405 1512 1473 1549 est
1491 1506 1635 1558 gloria
1653 1506 1844 1548 Domini.

1144 1565 1363 1615 Quoniam
1391 1563 1591 1606 excelsus
1618 1562 1851 1612 DominuS‚
1883 1566 1928 1604 et

1092 1619 1272 1661 humilia
1296 1620 1490 1672 respicit:
1513 1620 1537 1645 *
1561 1624 1605 1661 et
1632 1619 1722 1661 alta
1747 1631 1773 1660 a
1795 1617 1927 1669 longe

1092 1677 1331 1727 cognoscit.

1143 1733 1188 1774 Si
1208 1733 1494 1775 ambulavero
1513 1732 1557 1773 in
1580 1731 1728 1774 medio
1746 1730 1926 1774 tribula-

1091 1789 1240 1839 ti6nis,
1273 1788 1519 1831 vivificabis
1550 1801 1637 1830 me:
1665 1789 1689 1814 *
1718 1793 1763 1830 et
1793 1799 1927 1840 super

1091 1846 1200 1886 iram
1218 1845 1495 1887 inimicorum
1513 1847 1713 1886 meorum
1732 1842 1927 1886 extendi-

1093 1902 1151 1943 sti
1168 1915 1346 1943 manum
1364 1906 1501 1951 tuam,
1528 1906 1572 1943 et
1590 1901 1761 1943 salvum
1779 1913 1849 1942 me
1868 1900 1926 1942 fe-

1093 1958 1153 2000 cit
1171 1957 1354 2000 dextera
1372 1962 1459 2000 tua.

1136 2015 1353 2056 D6minus
1367 2014 1581 2056 retribuet
1594 2026 1677 2066 pro
1691 2026 1777 2056 me:
1790 2013 1814 2039 *
1828 2013 1927 2054 Dfie

1093 2070 1397 2112 miseric6rdia
1406 2075 1483 2112 tua
1497 2071 1541 2111 in
1554 2069 1780 2112 saeculum:
1791 2071 1927 2122 (Spera

1093 2129 1301 2168 manuum
1320 2128 1495 2169 tuarum
1514 2139 1569 2169 ne
1588 2126 1822 2180 despicias.

1147 2195 1270 2238 Cupit.
1295 2199 1330 2228 et
1354 2194 1491 2237 Hymn
1516 2198 1555 2227 ut
1578 2193 1614 2226 in
1638 2193 1663 2226 1.
1686 2192 1802 2235 Vcsp.
1835 2194 1927 2239 [216]

1147 2246 1195 2297 V.
1209 2252 1261 2292 In
1275 2253 1519 2305 conspectu
1530 2251 1803 2304 Angelarum
1813 2251 1926 2304 psal-

1093 2307 1181 2349 lam
1205 2308 1286 2349 tibi
1310 2308 1433 2350 Deus
1460 2321 1595 2351 meus.
1637 2307 1687 2357 Rs.
1712 2307 1926 2350 Adorabo

1093 2363 1150 2405 ad
1165 2363 1380 2416 templum
1395 2369 1596 2406 sanctum
1611 2369 1747 2414 tuum,
1767 2367 1811 2405 et
1826 2376 1926 2405 con-

1092 2419 1253 2462 fitebor
1270 2420 1435 2462 nomini
1455 2425 1544 2463 tuo.

1150 2485 1218 2526 Ad
1244 2485 1415 2533 Magnis.
1453 2485 1550 2524 Ant.
1579 2486 1729 2528 Sancti
1757 2485 1927 2537 Angeli,

1093 2543 1115 2566 *
1136 2541 1209 2593 qui
1229 2541 1325 2583 Deo
1351 2542 1394 2582 in
1421 2541 1543 2583 coelis
1568 2554 1742 2594 semper
1764 2542 1926 2583 assisti-

1093 2598 1160 2646 tis,
1180 2597 1400 2639 defendite
1419 2611 1501 2639 nos
1520 2598 1563 2638 in
1582 2597 1752 2650 praelio,
1773 2603 1820 2639 ut
1838 2611 1926 2639 non

1093 2656 1326 2706 pereamus
1345 2655 1388 2695 in
1407 2653 1636 2695 tremendo
1655 2653 1829 2706 judicio.

1438 2736 1719 2762 .4-43>.4—
