2028 2892
157 194 203 229 48
694 192 799 226 Fcriu
827 189 994 224 secunda
1020 187 1066 221 ud
1093 186 1327 219 Matutinum.

158 233 1854 260 ff

211 287 317 338 Quis
337 291 403 327 est
421 285 552 326 homo
577 283 649 335 qui
673 280 765 322 vult
784 280 935 320 vitam:
954 278 976 303 *

160 343 298 393 diligit
317 341 408 383 dies
427 339 575 382 videre
594 335 761 380 bonos?

211 397 398 440 Prohibe
418 397 607 447 linguam
621 402 740 436 tuam
760 406 784 434 a
802 390 936 432 malo:
954 390 977 415 *

162 461 204 497 et
222 454 336 496 labia
355 459 428 495 tua
448 465 501 494 ne
520 452 753 503 loquantur
772 447 931 490 dolum.

213 511 391 551 Diverte
415 522 439 550 a
458 507 589 557 malo,
610 512 652 548 et
671 506 738 547 fac
756 505 936 547 bonum:
956 503 978 527 *

162 568 329 619 inquire
349 578 512 618 pacem,
533 569 576 605 et
590 564 854 616 persequere
874 572 979 601 eam.

214 626 338 668 Oculi
364 625 539 667 Demini
558 635 688 676 super
713 623 866 674 justos:
890 620 912 645 *
937 624 980 660 et

163 696 288 725 aures
309 683 398 733 ejus
417 682 459 722 in
478 692 631 733 preces
651 681 811 720 eorum.

214 738 372 780 Vultus
397 743 541 778 autem
566 735 739 777 Demini
769 746 899 785 super
924 732 981 773 fa-

165 796 327 838 cientes
346 793 477 834 mala:
500 794 523 817 ¹⁸¹
547 798 594 833 ut
618 790 773 844 perdat
793 789 847 830 de
866 795 982 830 terra

164 851 417 893 memeriam
437 851 598 891 eurum.

218 907 521 948 Clamaverunt
550 904 666 956 justi,
702 909 744 945 et
770 901 983 943 Dominus

167 962 386 1006 exaudivit
406 974 500 1003 eos:
519 962 541 986 *
563 966 606 1002 et
626 973 679 1002 ex
695 958 892 1001 Omnibus
912 957 983 998 tri·

166 1018 459 1061 bulationibus
482 1019 632 1058 eorum
650 1015 850 1057 liberavit
870 1026 956 1055 eos.

219 1076 349 1116 Juxta
368 1079 434 1115 est
448 1073 660 1114 Deminus
680 1072 741 1122 iis,
763 1071 835 1124 qui
853 1069 985 1112 tribu-

167 1131 257 1172 lato
274 1135 372 1171 sunt
389 1129 522 1171 corde
532 1145 540 1169 ε
550 1130 573 1154 *
585 1134 627 1170 et
638 1127 821 1169 humiles
832 1126 986 1179 spiritu

169 1186 364 1228 salvabit.

220 1242 370 1283 Multae
390 1241 691 1283 tribulatiOnes
711 1240 939 1291 justorum:
964 1238 986 1263 *

173 1304 215 1340 et
230 1298 284 1340 de
300 1297 499 1339 omnibus
514 1297 579 1337 his
595 1295 796 1338 liberabit
811 1307 886 1336 eos
901 1295 988 1335 Do-

171 1367 322 1396 minus.

224 1410 423 1452 Custodit
454 1409 668 1450 Dominus
706 1408 849 1449 omnia
889 1420 989 1448 ossa

173 1469 341 1508 eurum:
368 1467 391 1491 *
418 1479 550 1506 unum
575 1478 628 1506 ex
652 1464 717 1505 his
736 1477 824 1505 non
844 1469 989 1505 conte-

174 1525 302 1564 retur.

224 1579 343 1619 Mors
363 1579 643 1630 peccatorum
662 1577 869 1629 pessima:
896 1577 918 1601 *
948 1580 991 1617 et

177 1635 247 1686 qui
268 1634 453 1675 oderunt
473 1634 639 1684 justum,
660 1632 922 1684 delinquent.

227 1689 428 1731 Redimet
460 1688 671 1730 Deminus
709 1689 872 1729 animas
908 1700 992 1729 ser-

176 1749 329 1787 vorum
343 1747 537 1786 suorum:
552 1746 575 1769 *
587 1749 630 1785 et
645 1757 731 1785 non
742 1744 994 1796 delinquent

178 1815 327 1843 omnes
349 1802 420 1854 qui
440 1806 617 1853 sperant
636 1801 679 1841 in
700 1813 763 1842 eo.

232 1871 328 1909 Ant.
358 1871 517 1911 Rectos
538 1868 664 1910 decet
683 1868 956 1910 collaudatio.

233 1940 327 1978 Ant.
359 1939 580 1991 Expugna.

449 2007 642 2047 psalmus
663 2008 726 2046 34.

181 2063 370 2169 Judica
403 2080 588 2122 Demine
622 2082 828 2122 nocentes
860 2094 946 2131 me,
974 2082 997 2107 *

267 2139 467 2189 expugna
486 2136 789 2188 impugnantes
808 2149 888 2178 me.

234 2191 527 2245 Apprehende
555 2204 674 2233 arma
694 2197 737 2233 et
765 2198 952 2234 scutum:
976 2195 998 2219 *

183 2253 225 2290 et
244 2251 428 2298 exsurge
447 2248 488 2288 in
509 2247 767 2299 adjutorium
786 2249 900 2301 mihi?

235 2303 418 2346 Effunde
452 2304 678 2354 frameam,
713 2310 756 2346 et
788 2305 999 2347 conclude

184 2359 391 2400 adversus
405 2373 492 2410 eos,
505 2361 577 2412 qui
587 2364 906 2413 persequuntur
917 2375 1001 2404 me:
1013 2376 1015 2379 ·

184 2416 207 2440 ¹⁸¹
235 2414 304 2456 dic
328 2416 481 2457 animae
509 2429 636 2458 meae:
664 2416 789 2458 Salus
816 2422 891 2458 tua
919 2431 1000 2467 ego

186 2484 292 2511 sum.

238 2526 564 2568 Confundantur
593 2534 635 2569 et
659 2531 956 2578 revereantur,
980 2530 1002 2555 *

188 2584 431 2634 quaerentes
452 2583 633 2624 animam
653 2597 804 2626 meam.

239 2637 504 2679 Avertantur
537 2642 793 2689 reuersum,
827 2645 870 2681 et
905 2654 1003 2682 con-

187 2692 421 2735 fundantur
445 2695 467 2718 *
492 2695 731 2746 cogitantes
759 2696 862 2737 mihi
881 2696 1004 2738 mala.

1080 275 1206 316 Fiant
1233 278 1458 326 tamquam
1484 271 1629 325 pulvis
1661 274 1762 311 ante
1794 268 1853 310 fa-

1030 333 1139 374 ciem
1167 331 1303 384 venti:
1331 331 1354 355 *
1383 334 1427 371 et
1454 327 1649 379 Angelus
1676 325 1855 367 Demini

1030 391 1259 431 coarctans
1279 399 1367 428 eos.

1082 450 1179 490 Fiat
1195 449 1266 489 via
1289 447 1463 488 illorum
1486 444 1681 487 tenebrae
1700 448 1745 485 et
1762 442 1854 485 lub-

1031 507 1185 547 ricum:
1212 505 1235 531 *
1264 509 1308 546 et
1334 502 1530 554 Angelus
1557 500 1734 542 Domini
1760 501 1855 553 per-

1032 574 1219 615 sequens
1239 574 1327 602 eos.

1084 622 1299 673 Quoniam
1348 620 1482 671 gratis
1532 616 1858 660 absconderunt

1032 679 1136 721 mihi
1167 678 1390 720 interitum
1426 675 1573 728 laquei
1605 674 1690 716 sui:
1726 674 1751 700 *
1791 686 1858 715 su-

1033 738 1250 790 pervacue
1271 732 1649 786 exprobraverunt
1669 730 1860 772 animam

1034 805 1186 834 meam.

1086 848 1245 890 Veniat
1272 847 1333 888 illi
1359 846 1553 898 laqueus,
1585 856 1715 896 quem
1741 843 1860 894 igno-

1036 911 1120 947 rat:
1157 910 1200 946 et
1236 903 1402 956 captio,
1445 915 1575 954 quam
1615 899 1860 950 abscondit,

1037 959 1337 1015 apprehendat
1357 972 1473 1001 eum:
1491 959 1515 983 *
1535 962 1578 999 et
1598 957 1642 998 in
1655 956 1863 1009 laqueum

1038 1017 1165 1060 cadat
1183 1017 1227 1058 in
1246 1017 1398 1069 ipsum.

1090 1078 1248 1119 Anima
1275 1081 1420 1118 autem
1443 1088 1540 1118 mea
1566 1073 1802 1117 exsultabit
1819 1073 1864 1115 in

1038 1135 1245 1176 Domino:
1281 1134 1304 1159 *
1343 1138 1386 1175 et
1414 1131 1704 1174 delectabitur
1732 1143 1864 1184 super

1039 1191 1217 1234 salutari
1237 1203 1328 1232 suo.

1093 1251 1248 1293 Omnia
1267 1263 1366 1292 ossa
1380 1263 1477 1292 mea
1493 1249 1657 1292 dicent:
1675 1250 1699 1275 *¹
1717 1248 1865 1290 Domi-

1040 1321 1105 1359 ne,
1125 1308 1220 1360 quis
1240 1307 1389 1348 similis
1408 1305 1510 1349 tibi?

1093 1369 1292 1421 Eripiens
1320 1370 1497 1420 inopem
1521 1367 1576 1410 de
1599 1379 1731 1409 manu
1748 1365 1867 1408 forti-

1043 1428 1167 1467 erum
1187 1425 1294 1476 ejus:
1313 1426 1337 1450 ¹⁸¹
1357 1426 1541 1475 egenum
1566 1429 1611 1467 et
1627 1426 1869 1477 pauperem

1043 1495 1067 1523 a
1087 1480 1389 1534 diripientibus
1410 1494 1519 1522 eum.

1094 1543 1329 1593 Surgentes
1361 1547 1496 1584 testes
1530 1541 1681 1595 iniqui,
1713 1541 1737 1567 *
1772 1552 1870 1593 quae

1043 1598 1297 1650 ignorabam
1324 1598 1654 1650 interrogabant
1680 1610 1761 1639 me.

1096 1658 1413 1701 Retribuebant
1430 1659 1536 1700 mihi
1560 1658 1676 1701 mala
1693 1671 1776 1712 pro
1795 1657 1872 1699 bo-

1045 1716 1129 1756 nis:
1149 1716 1171 1741 *
1192 1715 1465 1757 sterilitatem
1484 1716 1640 1757 animae
1658 1727 1782 1757 meae.

1097 1777 1192 1827 Ego
1233 1782 1377 1818 autem
1419 1790 1518 1819 cum
1558 1776 1664 1818 mihi
1699 1774 1874 1818 molesti

1048 1838 1203 1883 essent,
1222 1834 1245 1858 *
1265 1832 1475 1875 induebar
1494 1833 1646 1875 cilicio.

1100 1893 1393 1935 Humiliabam
1424 1895 1468 1935 in
1501 1895 1657 1947 jejunio
1686 1893 1875 1936 animam

1048 1963 1207 1991 meam:
1226 1950 1249 1975 *
1269 1955 1312 1992 et
1331 1951 1472 1993 oratio
1488 1964 1590 1993 mea·
1604 1950 1759 1992 inaesinu
1774 1961 1874 1991 meo

1050 2008 1339 2048 convertetur.

1103 2067 1235 2117 Quasi
1262 2068 1527 2120 proximum,
1562 2073 1606 2110 et
1640 2067 1764 2121 quasi
1795 2067 1876 2108 fra-

1050 2129 1161 2165 trem
1179 2129 1387 2175 nostrum,
1407 2125 1470 2166 sic
1490 2123 1834 2178 complacebam:
1853 2124 1876 2149 *

1053 2180 1175 2231 quasi
1189 2179 1341 2231 lugens
1356 2186 1399 2223 et
1415 2182 1708 2232 contristatus
1724 2181 1787 2222 sic
1801 2179 1877 2221 hu-

1051 2236 1259 2278 miliabar.
1907 2275 1909 2277 .

1104 2298 1159 2338 Et
1187 2297 1418 2339 adversum
1436 2311 1506 2340 me
1525 2298 1663 2340 laetati
1691 2303 1805 2348 sunt,
1835 2301 1878 2339 et

1054 2355 1366 2395 convenerunt:
1402 2355 1425 2380 *
1463 2357 1729 2405 congregata
1779 2358 1880 2395 sunt

1054 2422 1184 2461 super
1202 2422 1272 2450 me
1291 2410 1473 2461 flagella,
1493 2417 1535 2453 et
1554 2411 1762 2462 ignoravi.

1106 2469 1317 2521 Dissipati
1349 2476 1466 2520 sunt,
1502 2484 1584 2513 nec
1618 2470 1880 2525 compuncti,

1055 2527 1330 2567 tentaverunt
1373 2539 1461 2576 me,
1507 2527 1881 2569 subsannaverunt

1055 2594 1124 2622 me
1154 2581 1508 2624 subsannatione:
1541 2585 1564 2609 *
1598 2584 1881 2626 frenduerunt

1057 2649 1186 2688 super
1204 2650 1274 2678 me
1295 2637 1496 2679 dentibus
1515 2640 1614 2680 suis.

1108 2697 1294 2740 Demine
1315 2699 1490 2751 quando
1510 2700 1744 2753 respicies?
1769 2701 1792 2727 *
1818 2713 1881 2742 re-
