2028 2892
710 161 822 194 Fcrin
848 167 957 195 sextu
981 162 1029 195 ad
1054 161 1291 196 Matutinum.

411 255 609 297 Psalmus
638 257 709 296 80.

159 320 257 381 Ῐ1--ῑ-,ηο
268 313 459 378 xsultate
478 313 575 355 Deo
601 312 791 366 adjutori
810 318 978 379 nostro:

156 378 169 427 ³¹
192 394 251 434 ‘'i'e
293 371 316 397 *
343 369 523 422 Jub1late
551 370 648 411 Deo
675 370 824 412 Jacob.

231 451 250 453 -ν
343 426 511 468 Sumite
539 426 771 479 psalmum,
805 432 848 469 et
876 427 979 470 date

150 486 422 537 tympanum:
432 484 457 510 *
470 483 728 535 psalterium
743 484 978 535 jucundum

151 553 250 582 cum
278 539 458 582 cithara.

202 597 442 638 Bueeinate
472 596 517 637 in
544 596 788 638 Neomenia
815 597 932 647 tuba,
956 599 979 625 *

151 655 196 695 in
218 653 378 705 insigni
404 652 475 695 die
500 653 789 695 solemnitatis
808 659 979 695 vestrae.

203 711 316 761 Quia
333 711 608 762 praeceptum
631 710 676 750 in
695 710 834 751 Israel
856 715 936 752 est:
956 712 979 738 *

153 772 197 810 et
224 766 431 820 judicium
459 766 556 807 Deo
585 766 734 807 Jacob.
784 772 791 779 ·

203 823 527 866 Testimonium
559 823 603 863 in
633 823 799 876 Joseph
831 824 980 876 posuit

151 880 271 931 illud,
282 892 382 922 eum
393 882 532 921 exiret
549 879 603 921 de
614 885 733 922 terra
743 880 941 932 AEgypti:
956 881 979 905 *

151 937 359 989 linguam,
394 949 526 989 quam
560 949 648 978 non
675 938 874 987 noverat,
908 949 979 978 au-

152 994 272 1036 divit.

202 1046 396 1089 Divertit
445 1046 500 1088 ab
547 1045 755 1088 oneribus
800 1045 980 1086 dorsum

152 1104 257 1156 ejus:
276 1105 300 1131 *
317 1117 472 1145 manus
497 1104 589 1156 ejus
614 1103 658 1144 in
682 1102 873 1156 cophino
894 1114 980 1143 ser-

150 1160 333 1203 vierunt.

203 1217 256 1258 In
275 1216 561 1272 tribulatione
588 1216 804 1258 invocasti
828 1229 909 1266 me,
938 1221 981 1258 et

151 1273 337 1315 liberavi
365 1278 425 1315 te:
452 1275 476 1301 *
505 1273 708 1315 exaudivi
736 1278 780 1315 te
813 1273 858 1314 in
886 1273 981 1314 abs-

152 1329 333 1372 condito
366 1330 671 1383 tempestatis:
711 1329 898 1382 probavi
937 1334 982 1371 te

152 1386 271 1439 apud
299 1399 459 1439 aquam
482 1386 858 1428 contradictionis.

203 1442 323 1485 Audi
355 1442 548 1496 populus
584 1455 725 1493 meus,
760 1448 803 1485 et
836 1448 982 1484 conte-

153 1499 307 1541 stabor
330 1503 390 1541 te:
415 1501 440 1527 *
463 1499 603 1540 Israel
627 1500 664 1540 si
687 1499 879 1541 audieris
900 1512 981 1549 me,

152 1568 242 1597 non
267 1556 351 1598 erit
374 1555 419 1597 in
445 1561 490 1598 te
517 1555 626 1598 deus
650 1569 814 1606 recens,
838 1568 981 1608 neque

153 1611 361 1655 adorabis
391 1612 522 1654 deum
549 1612 749 1654 alienum.

203 1669 299 1720 Ego
330 1669 445 1711 enim
473 1682 571 1711 sum
598 1669 693 1711 Dfis
720 1670 841 1711 Deus
869 1674 982 1718 tuus,

155 1726 230 1778 qui
259 1725 391 1781 eduxi
423 1731 467 1768 te
502 1725 557 1768 de
585 1730 704 1768 terra
731 1726 930 1778 AEgypti:
958 1727 982 1753 *

154 1781 291 1824 dilata
308 1795 359 1824 os
377 1787 513 1833 tuum,
532 1787 576 1825 et
595 1782 789 1835 implebo
809 1782 930 1824 illud.

205 1839 263 1880 Et
298 1851 387 1880 non
427 1839 596 1881 audivit
631 1839 822 1892 populus
858 1852 981 1881 meus

153 1908 309 1937 vocem
335 1909 494 1938 meam:
521 1897 545 1924 *
569 1901 614 1938 et
640 1896 778 1938 Israel
806 1908 894 1937 non
921 1896 981 1936 in-

153 1951 297 1994 tendit
324 1952 440 1993 mihi.

205 2008 263 2050 Et
299 2009 444 2050 dimisi
481 2022 558 2051 eos
595 2009 836 2050 secundum
870 2008 981 2050 desi·

155 2064 278 2106 deria
297 2065 444 2107 cordis
465 2068 629 2115 eorum,
651 2066 675 2092 *
693 2065 819 2107 ibunt
840 2066 884 2105 in
908 2064 981 2106 ad-

154 2121 481 2164 inventionibus
509 2122 611 2164 suis.

205 2177 250 2219 Si
271 2178 463 2230 populus
487 2191 611 2220 meus
635 2177 830 2219 audisset
854 2190 940 2219 me:
958 2179 981 2204 *

154 2234 292 2275 Israel
313 2235 350 2275 si
378 2235 422 2275 in
450 2235 532 2276 viis
559 2235 669 2276 meis
698 2234 981 2276 ambulasset:

206 2291 294 2332 Pro
318 2291 455 2333 nihilo
478 2291 663 2333 forsitan
686 2291 886 2331 inimicos
912 2292 981 2331 eo-

155 2360 251 2389 rum
267 2347 580 2389 humiliassem:
600 2348 624 2374 *
640 2352 685 2389 et
702 2360 833 2399 super
847 2346 981 2387 tribu-

154 2403 295 2445 lantes
312 2417 388 2445 eos
403 2404 622 2445 misissem
636 2416 814 2445 manum
828 2416 981 2444 meam.

205 2460 377 2502 Inimici
401 2461 578 2502 Domini
604 2461 776 2502 mentiti
804 2464 904 2500 sunt
928 2459 981 2500 ei:

154 2516 178 2543 *
206 2521 250 2558 et
274 2517 357 2558 erit
375 2522 551 2569 tempus
576 2519 728 2559 eorum
747 2517 790 2556 in
810 2515 981 2556 saecula.

206 2572 263 2614 Et
307 2573 470 2614 cibavit
512 2586 588 2615 eos
627 2586 682 2615 ex
723 2572 852 2624 adipe
896 2572 980 2613 fru-

154 2629 305 2670 menti:
324 2631 348 2656 *
368 2634 411 2671 et
437 2629 491 2671 de
510 2634 648 2682 petra,
667 2628 795 2670 melle
816 2631 980 2669 satura-

156 2684 219 2726 vit
238 2697 325 2726 eos.

1302 262 1497 303 Psalmus
1525 265 1582 303 81.

1031 312 1197 418 Deus
1216 315 1339 356 stetit
1357 314 1400 355 in
1415 317 1636 367 synagoga
1657 314 1855 356 deorum:

1153 373 1176 398 *
1200 371 1244 412 in
1271 370 1416 412 medio
1444 376 1589 412 autem
1616 371 1724 413 deos
1751 371 1854 422 diju-

1032 427 1160 469 dicat.

1083 485 1324 536 Usquequo
1347 483 1548 535 judicatis
1567 484 1855 535 iniquitatem:

1031 543 1055 567 *
1084 547 1127 582 et
1156 541 1289 582 facies
1316 542 1599 593 peccatorum
1627 539 1818 581 sumitis?

1083 598 1107 637 J
1110 597 1284 639 udicate
1306 598 1454 648 egeno,
1474 602 1518 638 et
1536 596 1719 649 pupillo:
1738 598 1760 623 *
1780 596 1853 637 hu-

1031 654 1189 703 milem,
1219 659 1262 695 et
1290 656 1530 706 pauperem
1557 653 1797 704 justificate.

1082 710 1252 763 Eripite
1271 713 1527 763 pauperem:
1551 711 1574 736 *
1600 714 1643 750 et
1671 710 1853 760 egenum

1035 767 1089 809 de
1117 780 1249 808 manu
1275 765 1525 819 peccatoris
1552 765 1747 806 liberate.

1084 824 1357 872 Nescierunt,
1375 835 1518 874 neque
1539 822 1854 871 intellexerunt,

1032 880 1076 921 in
1099 879 1292 922 tenebris
1316 878 1555 920 ambulant:
1579 879 1602 906 *
1621 877 1854 918 movebun-

1033 942 1104 978 tur
1134 936 1279 977 omnia
1306 935 1587 976 fundamenta
1614 939 1755 976 terrae.

1084 993 1179 1045 Ego
1201 992 1307 1034 dixi:
1340 992 1413 1032 Dii
1433 991 1549 1041 estis,
1568 993 1592 1018 *
1614 995 1656 1032 et
1678 990 1754 1030 filii
1772 990 1854 1030 Ex-

1034 1050 1139 1091 ce‘lsi
1167 1061 1330 1090 omnes.

1084 1106 1180 1148 Vos
1200 1110 1346 1147 autem
1365 1105 1478 1146 sicut
1502 1104 1701 1145 homines
1727 1104 1854 1145 mori-

1034 1162 1179 1204 emini:
1212 1164 1235 1189 *
1265 1167 1307 1203 et
1335 1162 1448 1203 sieut
1475 1174 1586 1202 unus
1620 1160 1674 1202 de
1700 1161 1855 1213 prinei-

1033 1219 1164 1272 pibus
1193 1218 1372 1260 cadetis.

1085 1275 1222 1327 Surge
1234 1276 1364 1324 Deus,
1381 1274 1524 1327 judica
1538 1278 1715 1315 terram:
1726 1275 1749 1300 *
1761 1274 1856 1324 quo-

1034 1333 1151 1373 niam
1188 1337 1234 1373 tu
1267 1330 1550 1372 haereditabis
1582 1330 1626 1370 in
1655 1329 1855 1370 omnibus

1035 1388 1261 1430 Gentibus.

1088 1449 1186 1489 Ant.
1214 1443 1444 1487 Exsultate
1463 1444 1559 1484 Deo
1579 1442 1765 1494 adjutori
1783 1453 1854 1481 no-

1035 1507 1139 1543 stro.

1086 1559 1184 1601 Ant.
1221 1559 1289 1598 Tu
1317 1556 1445 1597 solus.

1300 1617 1497 1658 Psalmus
1526 1618 1589 1657 82.

1125 1683 1213 1720 eus
1233 1669 1330 1722 quis
1350 1668 1502 1710 similis
1522 1669 1604 1710 erit
1622 1667 1724 1709 tibi?
1748 1669 1771 1695 *
1789 1668 1855 1709 Ne

1162 1728 1329 1776 taceaS,
1373 1737 1515 1777 neque
1561 1724 1854 1777 compescaris

1034 1784 1171 1825 Deus:

1087 1840 1303 1890 Quoniam
1328 1850 1431 1880 6666
1457 1837 1619 1879 inimici
1646 1837 1709 1879 tui
1729 1849 1854 1878 sonu-

1034 1899 1176 1940 erunt:
1200 1899 1224 1925 *
1248 1902 1291 1939 et
1315 1896 1390 1948 qui
1410 1895 1598 1937 oderunt
1616 1898 1670 1943 te,
1695 1892 1854 1935 extule-

1034 1959 1136 1996 runt
1163 1958 1306 2006 caput.

1086 2011 1226 2063 Super
1256 2008 1469 2062 populum
1502 2012 1625 2049 tuum
1652 2005 1853 2055 maligna-

1034 2068 1191 2108 verunt
1206 2065 1450 2107 consilium:
1460 2065 1484 2090 *
1496 2068 1540 2105 et
1554 2062 1854 2113 cogitaverunt

1034 2123 1246 2165 adversus
1274 2126 1451 2163 sanctos
1479 2125 1589 2162 tuos.

1086 2180 1316 2220 Dixerunt:
1351 2178 1528 2226 Venite,
1562 2179 1605 2216 et
1633 2172 1853 2225 disperda-

1033 2249 1130 2276 mus
1160 2248 1236 2276 eos
1265 2234 1320 2276 de
1348 2237 1491 2285 gente:
1525 2233 1548 2259 *
1580 2235 1623 2271 et
1652 2241 1738 2269 non
1767 2241 1852 2270 me-

1034 2293 1231 2332 moretur
1258 2302 1416 2331 nomen
1444 2286 1579 2328 Israel
1608 2285 1732 2326 ultra.

1087 2347 1303 2397 Quoniam
1327 2344 1628 2396 cogitaverunt
1647 2340 1853 2382 unanimi-

1033 2409 1116 2445 ter:
1132 2405 1155 2431 *
1170 2402 1299 2444 simul
1313 2401 1543 2442 adversum
1561 2402 1604 2439 te
1624 2398 1853 2438 testamen-

1033 2465 1127 2501 tum
1139 2459 1458 2511 disposuerunt,
1470 2453 1752 2495 tabernacula
1763 2451 1854 2493 Idu-

1033 2518 1245 2556 maeorum
1273 2518 1316 2555 et
1343 2510 1625 2553 Ismahelitae:

1084 2570 1226 2620 Moab,
1246 2575 1289 2611 et
1308 2566 1507 2618 Agareni‚
1523 2565 1674 2615 Gebal,
1690 2569 1733 2606 et
1754 2564 1852 2605 Am-

1032 2640 1148 2676 mon,
1168 2631 1212 2667 et
1230 2623 1424 2666 Amalec:
1443 2624 1466 2649 *
1485 2622 1738 2671 alienigenae
1754 2632 1852 2662 cum

1033 2681 1330 2724 habitantibus
1356 2679 1533 2731 Tyrum.
