2066 2904
390 144 599 183 Commune
624 146 875 190 plurimorum
906 145 1113 188 Martyrum
1138 147 1244 176 extra
1271 149 1421 184 tempus
1449 142 1644 175 I'uschalc.

162 249 236 302 qui
251 248 389 291 effuso
407 247 616 299 sanguine
631 245 770 287 secuti
785 249 886 286 sunt
899 245 987 286 Do-

159 306 338 346 minum:
359 304 382 328 *
402 304 741 345 Contemnentes
762 301 905 343 aulam
924 303 988 342 re-

159 362 289 413 giam,
317 362 611 414 pervenerunt
630 358 686 400 ad
704 371 840 409 regna
859 358 987 399 coele-

160 419 253 460 stia.
274 417 324 468 V.
341 418 456 459 Ecce
474 430 604 469 quam
617 415 782 458 bonum
797 419 842 456 et
858 427 988 467 quam

159 473 394 527 jucandum
407 473 607 515 habitare
617 472 775 514 fratres
789 472 834 512 in
843 485 988 512 unum.

161 531 509 573 Contemnentes.
543 528 694 570 Gloria
712 528 844 570 Patri.
878 528 987 569 Con-

159 589 413 630 temnentes.

217 646 374 688 Bened.
406 642 476 685 Ad
495 641 762 684 societatem.

465 702 615 743 Lectio
636 701 688 740 ix.

164 754 168 759 ’
232 756 288 798 ed
303 769 402 798 cum
417 760 484 797 tot
503 755 626 806 signa
645 754 988 808 perturbationis

254 812 372 855 dicta
400 813 501 861 sint,
530 813 727 864 opertet,
761 815 809 852 ut
837 812 989 852 eorum

162 868 559 912 considerationem
583 867 775 909 breviter
798 879 878 919 per
907 869 988 908 sin-

160 925 262 978 gula
285 925 646 978 perstringamus:
683 923 786 976 quia
809 925 990 965 necesse

161 986 239 1033 est,
257 987 305 1024 ut
324 981 409 1023 alia
428 994 452 1023 e
472 981 597 1030 coelo,
617 980 701 1021 alia
716 993 740 1022 e
759 985 887 1030 terra,
907 979 991 1021 alia

161 1038 216 1080 ab
249 1037 494 1087 elementis,
536 1036 620 1078 alia
653 1036 709 1078 ab
741 1035 990 1078 hominibus

160 1095 390 1149 patiamur.
426 1094 503 1135 Ait
531 1093 661 1135 enim:
697 1093 855 1144 Surget
881 1105 990 1144 gens

162 1156 314 1194 contra
344 1155 536 1202 gentem,
579 1162 682 1191 ecce
715 1148 989 1202 perturbatio

160 1208 399 1250 heminum:
413 1211 539 1249 erunt
552 1208 831 1248 terraemetus
845 1206 991 1257 magni

161 1277 240 1318 per
257 1264 367 1314 loca,
395 1276 497 1305 ecce
520 1264 747 1316 respectus
767 1263 844 1304 irae
866 1262 990 1304 desu-

161 1334 256 1374 per:
294 1325 421 1363 erunt
446 1319 725 1374 pestilentiae,
760 1332 863 1361 ecce
889 1319 990 1360 inae-

164 1378 349 1431 qualitas
365 1379 615 1430 cerporum:
631 1376 715 1418 erit
730 1376 877 1426 fames,
889 1389 991 1417 ecce

163 1434 369 1476 sterilitas
414 1438 564 1475 terrae:
610 1434 894 1485 terroresque
937 1432 992 1474 de

163 1490 278 1532 coelo
298 1495 342 1532 et
360 1491 659 1543 tempestates,
681 1501 784 1530 ecce
802 1489 992 1540 inaequa-

162 1547 262 1588 litas
288 1546 413 1588 aeris.
458 1546 570 1596 Quia
595 1558 701 1596 ergo
727 1545 873 1586 emnia
893 1557 992 1587 con-

164 1602 423 1645 summanda
447 1606 562 1652 sunt,
596 1606 697 1643 ante
721 1614 992 1643 consumma-

162 1660 327 1702 tienem
343 1659 489 1700 emnia
508 1657 837 1712 perturbantur:
857 1663 900 1700 et
919 1659 990 1710 qui

162 1716 207 1757 in
238 1716 405 1758 cunctis
439 1714 717 1767 deliquimus,
753 1715 797 1755 in
826 1715 992 1756 cunctis

85 1787 91 1791 ·
164 1772 355 1814 ferimur:
373 1776 423 1814 ut
441 1771 675 1824 impleatur
690 1771 810 1824 quod
825 1770 993 1821 dicitur,

163 1829 221 1871 Et
238 1828 451 1882 pugnabit
470 1841 553 1881 pro
569 1840 623 1869 eo
639 1827 759 1869 orbis
777 1829 994 1869 terrarum

166 1889 320 1927 contra
337 1885 596 1927 insensatos.

218 1940 280 1983 Te
298 1941 442 1983 Deum
459 1940 700 1983 laudamus.
719 1940 778 1981 15.

429 2004 508 2045 Ad
533 2004 730 2045 Laudes

384 2066 431 2093 ct
465 2070 554 2103 per
590 2060 770 2093 Horas

221 2112 319 2152 Ant.
352 2113 378 2151 l.
421 2113 583 2152 Omnes
611 2109 762 2159 sancti,
780 2109 803 2135 *
833 2114 995 2161 quanta

166 2166 285 2219 passi
302 2170 403 2208 sunt
421 2168 650 2216 tormenta,
670 2170 718 2207 ut
737 2166 881 2207 securi
898 2179 994 2218 per-

168 2225 364 2265 venirent
382 2222 439 2264 ad
456 2222 649 2275 palmam
666 2222 874 2274 martyrii.

223 2280 378 2320 Psalm.
412 2279 625 2320 Dominus
652 2278 862 2329 regnavit.
897 2294 991 2321 cum

172 2337 357 2388 reliquis.
382 2337 441 2377 16.

222 2395 257 2434 2.
282 2395 392 2434 Cum
410 2391 558 2445 palma
575 2391 599 2417 *
618 2390 675 2433 ad
692 2403 827 2442 regna
844 2403 995 2444 perve-

167 2450 323 2490 nerunt
342 2448 491 2499 sancti,
511 2450 697 2490 corenas
716 2447 890 2489 decoris
908 2460 995 2488 me-

168 2507 347 2546 ruerunt
366 2504 422 2546 de
440 2518 572 2546 manu
589 2505 685 2546 Dei.

223 2562 258 2602 3.
286 2562 485 2614 Corpora
507 2563 758 2603 sancterum
776 2561 800 2587 *
819 2560 863 2600 in
886 2572 996 2612 pace

170 2617 341 2670 sepulta
360 2622 476 2659 sunt:
492 2622 544 2676 ‚et
562 2617 711 2659 vivent
729 2616 905 2657 nomina
926 2618 995 2658 eo-

170 2686 265 2714 rum
282 2673 326 2714 in
345 2675 568 2716 aeternum.

1803 140 1872 186 [61]

1094 246 1130 284 4.
1160 244 1376 294 Martyres
1395 241 1573 283 Domini
1591 240 1615 266 *
1633 239 1870 281 Dominum

1040 299 1287 342 benedicite
1305 299 1350 340 in
1369 300 1592 340 aeternum.

1093 365 1130 403 ἴ).
1170 362 1412 412 Martyrum
1444 359 1605 400 chorus
1638 358 1661 383 *
1693 356 1869 398 laudate

1041 418 1279 458 Dominum
1308 415 1362 458 de
1391 415 1527 457 coelis.

1147 493 1405 546 Capitulum.

1041 557 1313 665 Justorum
1349 559 1506 601 animae
1542 558 1586 598 in
1622 570 1754 598 manu
1790 557 1873 598 Dei

1139 622 1256 668 sunt,
1297 621 1341 658 et
1367 629 1455 657 non
1482 618 1633 665 tanget
1660 613 1758 654 illos
1786 618 1873 655 tor-

1042 677 1237 716 mentum
1269 673 1435 715 mortis.
1476 671 1574 713 Visi
1602 675 1703 711 sunt
1735 669 1874 711 oculis

1042 731 1338 784 insipientium
1362 729 1488 771 mori:
1520 727 1582 768 illi
1606 731 1753 769 autem
1775 731 1875 768 sunt

1042 788 1085 828 in
1112 800 1233 841 pace.

1614 494 1711 542 Sap.
1733 493 1766 529 3.

1355 846 1561 895 Hymnus.

1187 936 1241 965 ex
1260 923 1451 974 gloriose
1470 921 1724 973 Martyrum,

1214 980 1388 1021 Corona
1407 977 1718 1025 confitentium,

1147 1037 1232 1086 Qui
1251 1037 1509 1089 respuentes
1529 1036 1673 1076 terrea

1146 1092 1360 1134 Perdacis
1383 1091 1439 1133 ad
1459 1090 1667 1133 coelestia.

1105 1172 1262 1209 Aurem
1279 1167 1515 1218 benignam
1532 1165 1735 1218 protinus

1147 1223 1331 1265 Intende
1351 1222 1513 1265 nostris
1534 1221 1733 1263 vecibus:

1147 1280 1371 1333 Trophaea
1390 1292 1515 1321 sacra
1533 1278 1780 1331 pangimus:

1148 1337 1335 1387 Ignosce
1357 1335 1477 1389 quod
1499 1334 1772 1387 deliquimus.

1096 1413 1163 1451 Tu
1182 1410 1321 1451 vincis
1339 1410 1452 1451 inter
1470 1408 1699 1459 Martyres,

1148 1467 1387 1519 Parcisque
1409 1463 1764 1507 Confessoribus:

1149 1523 1218 1564 Tu
1237 1523 1363 1564 vince
1383 1526 1535 1564 nostra
1555 1521 1746 1570 crimina,

1148 1579 1353 1630 Largitor
1371 1577 1665 1628 indulgentiae.

1099 1654 1195 1694 Deo
1214 1652 1335 1693 Patri
1355 1652 1411 1693 sit
1429 1651 1579 1702 glOria,

1150 1710 1343 1761 Ejasque
1363 1708 1447 1749 soli
1464 1707 1588 1757 Filio,

1151 1766 1261 1807 Cum
1280 1765 1446 1818 Spiritu
1463 1764 1695 1814 Paraclito‚

1149 1822 1288 1871 Nunc,
1319 1826 1362 1863 et
1380 1834 1460 1874 per
1480 1834 1610 1862 omne
1630 1820 1851 1862 saeculum.

1359 1878 1513 1919 Amen.

1100 1945 1148 1996 V.
1176 1947 1471 1990 Exsultabunt
1495 1947 1635 1989 sancti
1658 1947 1703 1987 in
1726 1946 1876 1998 gloria.

1047 2007 1097 2057 R.
1123 2004 1411 2046 Laetabantur
1429 2005 1474 2045 in
1493 2003 1711 2046 cubilibus
1731 2003 1833 2044 suis.

1102 2072 1169 2113 Ad
1204 2073 1363 2114 Bencd.
1410 2074 1504 2113 Ant.
1558 2072 1697 2114 Vestri
1732 2071 1878 2124 capilli

1047 2131 1203 2184 capitis
1222 2131 1246 2156 *
1262 2143 1414 2172 omnes
1433 2129 1650 2171 numerati
1670 2133 1784 2174 sunt:
1802 2141 1876 2170 no-

1045 2187 1122 2229 lite
1145 2187 1316 2229 timere:
1341 2186 1490 2228 multis
1513 2184 1766 2238 passeribus
1791 2198 1877 2226 me-

1046 2243 1179 2286 lieres
1199 2243 1305 2285 estis
1325 2256 1416 2284 vos.

1169 2319 1251 2358 I’ro
1273 2318 1470 2369 pluribus
1493 2318 1613 2357 Mart.
1644 2318 1765 2357 l‘ont.

1385 2382 1547 2422 Oratio.

1130 2449 1330 2489 eaterum
1356 2446 1600 2497 Martyrum
1626 2445 1878 2498 pariterque

1151 2503 1414 2545 Pontificum
1434 2503 1485 2543 N.
1506 2506 1551 2543 et
1570 2503 1620 2543 N.
1638 2514 1735 2551 nOS‚
1763 2504 1879 2554 quae-

1048 2573 1197 2601 sumus
1216 2559 1423 2607 Domine,
1456 2558 1568 2600 festa
1585 2560 1807 2600 tueantur:
1836 2564 1879 2602 et

1048 2618 1200 2658 earum
1241 2614 1521 2657 commendet
1566 2615 1708 2657 oratio
1752 2628 1878 2658 vene-

1048 2671 1196 2714 randa.
1233 2673 1318 2714 Per
1336 2671 1574 2713 Dominum
1592 2676 1804 2714 nostrum.
