2066 2956
550 185 724 218 Officium
750 184 924 217 votivum
950 184 995 217 dc
1024 183 1209 216 Passione
1239 183 1278 214 1),
1302 183 1342 215 N.
1365 182 1396 214 .1.
1420 183 1457 215 (ἶ.

152 280 307 325 Lectio
333 278 472 321 sancti
490 276 717 329 Evangelii
741 277 982 319 secundum

452 335 477 377 J
479 336 678 378 oannem.

254 408 405 448 Lectio
432 406 497 445 vii.
649 404 751 455 Cap.
773 405 828 443 19.
851 404 872 442 f.

198 488 226 515 n
240 473 315 515 illo
329 474 544 525 tempore:
563 470 712 512 Sciens
725 470 749 510 J
752 483 863 517 esus,
881 470 981 523 quia

216 530 360 572 omnia
375 529 675 570 consummata
691 531 802 577 sunt,
817 532 864 568 ut
880 539 979 568 con-

151 588 441 629 summaretur
460 585 694 637 Scriptura,
714 582 838 626 dixit:
861 583 980 624 Sitio.

149 643 207 685 Et
226 642 404 694 reliqua.

194 724 382 765 Homilia
404 723 542 765 sancti
564 721 711 775 Cyrilli
729 721 943 775 Episcopi

416 778 712 822 Alexandrini.

220 846 427 879 Comment.
455 844 490 877 in
516 845 715 877 Joannum.
757 842 837 875 Lib.
865 842 912 874 12.

490 903 571 935 cap.
595 892 646 925 235.

187 971 343 1008 χ
369 956 636 998 truculenter
664 955 808 996 omnia
833 954 982 1007 impie-

179 1032 262 1083 ξι
285 1016 376 1055 tate
412 1012 667 1055 Judaeorum
704 1016 850 1052 essent
886 1023 981 1064 per-

159 1068 167 1094 ²2
228 1079 260 1094 Δ
286 1072 395 1120 acta,
420 1082 502 1111 nec
526 1067 765 1121 quidquam
789 1066 845 1109 ad
870 1081 981 1108 sum-

150 1139 266 1167 mam
282 1125 586 1168 crudelitatem
602 1123 788 1174 deesset,
804 1122 983 1165 tandem

152 1183 426 1225 sanctissima
458 1195 560 1224 caro
592 1180 754 1222 Christi
784 1180 982 1222 naturale

153 1238 258 1290 quid
272 1239 448 1292 patitur.
475 1238 624 1279 Multis
640 1237 764 1287 enim,
785 1249 836 1278 ac
849 1236 983 1278 variis

153 1293 379 1337 doloribus
399 1295 628 1344 exsiccata,
653 1293 724 1335 siti
741 1294 983 1344 torquetur.

152 1351 338 1393 Multum
365 1352 479 1393 enim
506 1355 692 1404 possunt
720 1349 898 1391 dolores
926 1349 983 1391 ad

153 1407 471 1450 comovendam
495 1408 626 1458 sitim3
650 1407 846 1448 innatum
869 1406 983 1447 enim

153 1463 344 1506 calorem
369 1464 656 1516 exagitanteS,
685 1462 770 1513 vel,
797 1461 918 1514 quod
940 1462 983 1503 in

151 1519 450 1573 profunditate
473 1519 699 1562 humidum
722 1524 804 1570 est,
827 1522 981 1560 consu-

151 1582 274 1619 munt
299 1582 343 1619 et
369 1577 506 1628 igneis
535 1575 766 1618 ardoribus
794 1574 983 1617 dolentis

151 1634 321 1675 viscera
341 1638 481 1675 urunt.
517 1633 637 1674 Sicut
659 1632 790 1683 igitur
814 1633 983 1673 ceteras

151 1689 399 1742 passiones,
432 1689 494 1731 sic
520 1688 633 1730 hanc
665 1688 796 1730 etiam
823 1693 983 1741 sponte

140 1745 350 1794 ‚Christus
369 1748 607 1800 perpessus
623 1750 700 1787 est.
727 1744 888 1787 Bibere
907 1745 982 1796 igi-

151 1807 222 1843 tur
244 1803 370 1856 petit:
397 1803 459 1844 illi
477 1808 624 1845 autem
643 1801 755 1844 adeo
777 1801 907 1852 longe
927 1801 982 1843 ab

154 1859 270 1901 omni
297 1859 565 1902 humanitate
594 1859 793 1908 aberant,
824 1863 873 1903 ut
899 1871 982 1911 pro

153 1916 326 1966 juvante
343 1921 454 1969 potu
473 1920 604 1968 atque
619 1914 810 1968 jucundo
825 1916 981 1958 nocen-

153 1976 243 2018 tem
267 1977 312 2013 et
339 1971 546 2014 acerbum
570 1971 810 2021 attulerint,
840 1977 883 2013 et
907 1970 982 2012 hu-

153 2028 415 2078 manitatem,
428 2040 515 2080 qua
529 2027 698 2070 moveri
711 2026 983 2078 videbantur,

154 2084 197 2124 in
224 2084 494 2137 impietatem
522 2084 828 2126 converterint.
869 2084 985 2135 Nam

155 2153 254 2182 cum
272 2141 439 2194 petenti
458 2140 631 2190 dabant,
651 2141 844 2183 caritatis
863 2139 982 2182 habi-

154 2202 248 2238 tum
267 2199 490 2251 suscipere
505 2196 781 2248 videbantur;
801 2196 882 2239 sed
896 2210 984 2238 non

155 2258 222 2295 est
254 2253 464 2307 possibile
500 2253 673 2295 mentiri
703 2254 983 2307 Scripturam,

154 2309 198 2350 in
222 2323 308 2362 qua
334 2323 388 2352 ex
412 2313 604 2363 persona
627 2310 788 2352 Christi
812 2309 984 2352 d1'citur:

155 2365 211 2429 Et
230 2365 446 2408 dederunt
463 2367 507 2408 in
526 2379 672 2409 escam
689 2379 832 2408 meam
851 2366 918 2416 fel,
941 2372 985 2408 et

155 2435 199 2462 111
219 2422 289 2464 siti
307 2435 406 2464 mea
423 2425 689 2476 potaverunt
705 2436 774 2465 me
795 2424 932 2464 aceto.

208 2491 257 2530 R.
274 2488 370 2538 Ego
389 2493 433 2529 te
452 2489 605 2541 potavi
624 2501 738 2540 aqua
757 2487 909 2528 salutis
929 2486 984 2528 de

155 2547 295 2595 petra:
322 2548 344 2571 *
372 2544 428 2586 Et
455 2549 503 2586 tu
527 2557 596 2586 me
625 2543 790 2598 potasti
815 2543 915 2585 felle
941 2547 985 2585 et

157 2601 294 2641 aceto.
326 2596 375 2648 Y.
406 2600 576 2654 Popule
601 2613 742 2650 meus,
771 2598 877 2651 quid
902 2599 986 2640 feci

1769 174 1860 218 [265]

1103 276 1255 316 Lectio
1276 276 1358 314 viii.
1472 274 1589 314 Idem
1608 275 1710 323 (lap.
1726 274 1791 312 236.

1107 348 1182 375 um
1210 345 1315 384 ergo
1344 332 1588 383 accepisset
1614 329 1741 371 Jesus
1769 331 1863 371 ace-

1133 396 1237 439 tum,
1258 388 1380 430 dixit:
1403 387 1763 429 Consummatum
1782 390 1864 427 est:

1034 453 1078 490 et
1109 446 1315 488 inclinato
1349 444 1493 497 capite
1527 442 1709 484 tradidit
1737 443 1863 496 spiri-

1032 510 1136 546 tum.
1175 503 1534 544 Consummatum
1554 500 1638 551 jam
1659 512 1756 541 esse
1776 499 1864 541 Sal-

1034 563 1161 603 vator
1185 559 1305 609 dicit,
1333 557 1434 610 quia
1460 555 1668 598 saeviendi
1690 556 1863 598 Judaeo-

1034 631 1130 658 rum
1148 617 1348 670 potestas
1368 614 1411 654 in
1425 613 1569 666 ipsum
1584 625 1664 665 per
1678 618 1865 654 mortem

1034 687 1158 714 suam
1175 672 1408 714 terminum
1426 669 1590 711 habuit.
1618 668 1732 719 Quid
1752 669 1866 710 enim

1034 743 1122 771 non
1146 729 1464 779 excogitarunt,
1489 732 1563 767 aut
1589 725 1694 778 quid
1717 728 1864 779 supre-

1034 799 1119 828 mae
1130 783 1456 827 inhumanitatis
1470 783 1668 824 relictum
1682 782 1764 824 sibi
1778 782 1866 824 est?

1035 843 1142 893 Quis
1167 840 1381 890 caedendi,
1406 841 1503 892 quis
1525 839 1867 881 contumeliandi

1034 899 1194 941 modus
1217 912 1305 940 non
1331 895 1572 939 adhibitus?
1609 896 1767 937 Merito
1791 897 1865 947 igi-

1035 962 1106 998 tur
1128 957 1478 998 consummatum
1500 965 1608 1003 esse,
1633 953 1702 994 ait.
1740 953 1866 994 Cum-

1037 1026 1122 1064 que
1157 1018 1333 1064 tempus
1365 1012 1449 1062 jam
1484 1014 1619 1059 esset,
1656 1014 1704 1050 ut
1737 1009 1867 1051 etiam

1036 1068 1261 1123 spiritibus
1285 1066 1404 1121 apud
1422 1066 1585 1108 inferos
1604 1065 1868 1119 praedicaret

1036 1126 1170 1177 (venit
1191 1125 1315 1175 enim,
1339 1129 1387 1165 ut
1407 1128 1498 1165 tam
1517 1123 1717 1164 vivorum
1738 1135 1868 1174 quam

1035 1185 1310 1224 mortuorum
1341 1179 1653 1230 dominaretur)
1681 1184 1868 1220 mortem

1035 1252 1117 1292 pro
1137 1238 1264 1280 nobis
1284 1236 1490 1289 suscepit:
1511 1241 1554 1277 et
1567 1235 1681 1277 hanc
1699 1238 1867 1277 naturae

1035 1301 1200 1338 nostrae
1211 1294 1437 1348 propriam
1447 1293 1698 1346 passionem
1709 1297 1867 1345 sponte

1037 1352 1172 1394 subiit
1191 1349 1433 1393 secundum
1453 1362 1637 1399 carnem,
1659 1349 1867 1400 quamvis,

1035 1414 1084 1451 ut
1119 1409 1240 1450 Deus
1276 1407 1366 1449 vita
1406 1406 1661 1448 naturaliter
1702 1405 1776 1454 sit,
1820 1411 1868 1447 ut

1037 1465 1236 1518 spoliatis
1253 1463 1412 1514 inferis,
1431 1462 1634 1516 primitiae
1651 1461 1865 1503 dormien-

1035 1522 1158 1570 tium,
1185 1527 1227 1563 et
1250 1519 1566 1573 primogenitus
1590 1520 1652 1570 (ut
1674 1518 1865 1571 Scriptu-

1036 1592 1098 1620 rae
1127 1578 1290 1629 dicunt)
1318 1578 1590 1618 mortuorum
1618 1575 1775 1625 factus,
1803 1587 1866 1616 re-

1037 1638 1213 1676 cursum
1245 1633 1302 1676 ad
1333 1634 1468 1676 vitam
1504 1635 1671 1674 natarae
1703 1636 1867 1673 nostrae

1035 1691 1278 1743 largiretur.

1089 1750 1139 1788 R.
1171 1749 1266 1800 Ego
1297 1751 1396 1788 ante
1423 1751 1467 1788 te
1496 1745 1649 1798 aperui
1675 1758 1814 1787 mare:

1035 1806 1092 1847 Et
1114 1810 1163 1847 tu
1187 1803 1397 1858 aperuisti
1417 1802 1570 1844 lancea
1589 1801 1703 1843 latus
1722 1801 1866 1843 Salva-

1035 1862 1121 1904 tori
1138 1867 1227 1912 tuo,
1251 1864 1271 1885 *
1289 1860 1373 1911 Qui
1391 1858 1577 1901 redemit
1595 1857 1806 1900 mundum
1823 1859 1867 1899 in

1037 1919 1245 1970 sanguine
1258 1929 1350 1959 suo.
1370 1910 1417 1962 Y.
1430 1915 1601 1969 Popule
1615 1928 1749 1965 meus,
1762 1914 1867 1967 quid

1035 1975 1121 2016 feci
1155 1974 1252 2025 tibi,
1294 1978 1369 2014 aut
1403 1972 1447 2013 in
1485 1985 1572 2024 quo
1611 1971 1867 2013 contristavi

1035 2030 1102 2073 te?
1120 2029 1340 2084 responde
1354 2029 1470 2070 mihi.
1492 2028 1560 2071 Et.
1590 2027 1751 2069 Gloria.
1771 2027 1865 2077 Qui.

1339 2086 1490 2126 Lectio
1512 2086 1564 2124 ix.

1038 2138 1292 2243 Inclinavit
1326 2148 1457 2200 igitur
1493 2151 1635 2200 caput.
1693 2143 1867 2186 Accidit

1107 2205 1221 2247 enim
1239 2203 1535 2254 morientibus,
1554 2203 1704 2254 vigore
1724 2200 1866 2243 carnis

1035 2263 1120 2314 jam
1140 2265 1402 2314 consumpto
1423 2265 1466 2302 et
1483 2259 1635 2309 anima,
1656 2271 1755 2310 quae
1773 2270 1865 2299 cor-

1035 2331 1119 2371 pus
1139 2318 1306 2367 retinet,
1331 2317 1530 2365 abeunte,
1553 2314 1776 2357 inclinatio
1797 2316 1865 2355 ca-

1035 2374 1150 2427 pitis.
1187 2373 1484 2424 Quamobrem
1507 2370 1653 2413 verbis
1670 2370 1758 2412 hoc
1775 2383 1865 2412 mo-

1037 2430 1095 2472 do
1132 2444 1237 2472 usus
1270 2427 1550 2479 Evangelista
1586 2433 1664 2469 est.
1718 2426 1789 2468 Sic
1823 2432 1867 2468 et

1035 2486 1272 2529 tradidisse
1309 2485 1527 2538 spiritum,
1573 2497 1599 2525 a
1635 2486 1865 2525 consuetu-

1037 2543 1137 2585 dine
1163 2547 1314 2584 nostra
1339 2541 1423 2583 sibi
1446 2540 1611 2583 dictum
1635 2545 1718 2590 est3
1742 2540 1867 2581 multi

1037 2600 1152 2641 enim
1174 2599 1237 2640 sic
1261 2597 1491 2648 exstingui,
1518 2602 1562 2639 et
1584 2596 1696 2638 mori
1719 2595 1866 2638 dicun-

1845 1741 1865 1761 ια

156 2655 250 2706 tibi,
274 2661 348 2698 aut
370 2656 414 2697 in
439 2669 526 2708 quo
551 2656 807 2699 contristavi
829 2654 895 2697 te?
920 2667 983 2696 re·
1035 2661 1117 2698 tur.
1169 2653 1376 2705 Quamvis
1402 2653 1508 2695 mihi
1534 2652 1737 2696 videatur
1763 2652 1865 2694 ideo

157 2711 326 2765 sponde
343 2712 460 2754 mihi.
488 2712 545 2756 Et
562 2717 611 2755 tu
629 2725 710 2755 me.

1009 2728 1014 2760 ι
1036 2725 1125 2753 non
1144 2710 1399 2764 simpliciter
1417 2711 1640 2752 mortuum
1658 2722 1767 2760 esse,
1787 2707 1866 2751 sed
