2028 2892
189 157 260 192 358

244 254 327 304 Qui
343 254 504 296 emittis
520 254 662 297 fontes
678 256 720 296 in
736 255 1023 298 convallibus:

192 312 215 336 *
235 311 345 352 inter
363 311 556 353 medium
574 313 787 355 mentium
805 319 1022 366 pertrans-

194 367 316 410 ibunt
335 381 473 420 aquae.

244 424 467 467 Potabunt
498 439 651 468 omnes
683 426 838 469 bestiae
867 427 972 478 agri:
1000 428 1023 454 *

194 481 513 533 exspectabunt
533 483 684 533 onagri
702 483 745 523 in
766 484 836 525 siti
855 496 944 524 sua.

246 538 387 591 Super
416 551 468 580 ea
495 539 697 581 volucres
730 540 831 581 coeli
858 539 1023 582 habita-

194 595 317 637 bunt:
335 595 359 620 *
380 594 434 636 de
454 594 599 637 medio
619 598 843 649 petrarum
859 596 1026 638 dabunt

193 664 339 693 voces.

247 709 414 759 Rigans
442 714 613 750 montes
642 709 697 750 de
726 710 1026 762 superieribus

195 765 301 806 suis:
327 767 350 792 *
379 764 434 806 de
466 765 608 807 fructu
641 768 824 818 operum
851 769 1026 808 tuorum

196 821 425 864 satiabitur
443 827 573 863 terra:

245 878 501 920 Prodacens
520 878 685 920 foenum
704 880 921 932 jumentis,
939 880 963 905 *
983 885 1027 922 et

195 935 377 977 herbam
397 935 595 977 servitfiti
615 936 853 978 heminum:

248 992 308 1034 Ut
331 991 494 1034 edacas
518 1006 677 1046 panem
703 993 758 1035 de
782 999 913 1035 terra:
935 995 959 1020 *
984 999 1027 1036 et

195 1050 342 1090 vinum
360 1049 554 1091 laetificet
573 1063 650 1091 eor
668 1050 871 1092 heminis:

247 1106 306 1148 Ut
330 1106 542 1148 exhilaret
565 1106 721 1148 faciem
743 1107 786 1147 in
807 1107 921 1148 oleo:
940 1109 963 1135 *
984 1113 1028 1149 et

195 1163 321 1216 panis
342 1176 418 1204 cor
437 1162 624 1204 heminis
644 1163 885 1205 confirmet.

247 1219 566 1261 Saturabiintur
583 1219 701 1271 ligna
720 1221 878 1273 campi,
898 1226 941 1263 et
960 1233 1026 1263 ce-

197 1276 264 1318 dri
291 1276 463 1326 Libani,
498 1290 606 1329 quas
633 1277 862 1330 plantavit:
890 1280 914 1306 *
941 1278 1028 1320 illie

197 1336 401 1387 passeres
420 1333 716 1376 nidificabunt.

249 1391 434 1432 Heredii
463 1390 620 1432 domus
649 1391 738 1433 dux
766 1397 834 1433 est
861 1395 1028 1434 eorum:

196 1450 220 1475 *
240 1453 413 1490 montes
443 1448 604 1489 excelsi
629 1449 784 1491 cervis:
811 1455 937 1502 petra
964 1463 1027 1492 re-

198 1505 363 1556 fagium
380 1505 622 1547 herinaciis.

250 1562 374 1604 Fecit
404 1562 551 1603 lunam
581 1562 625 1602 in
656 1564 873 1616 tempora:
906 1566 929 1591 *
962 1565 1030 1606 sol

199 1619 405 1669 cognovit
424 1620 628 1660 occasum
649 1632 786 1660 suum.

250 1675 443 1717 Posuisti
479 1675 701 1726 tenebras,
738 1682 782 1718 et
818 1677 933 1720 facta
965 1685 1031 1721 est

199 1745 301 1774 nox:
316 1734 339 1759 *
355 1732 396 1773 in
416 1733 513 1786 ipsa
531 1733 859 1786 pertransibunt
879 1748 1030 1778 omnes

199 1789 354 1831 bestiae
374 1790 507 1831 silvae.

254 1846 396 1888 Catuli
423 1846 599 1889 leonum
627 1848 863 1899 rugientes,
891 1854 939 1891 ut
966 1851 1030 1890 ra·

200 1903 337 1956 piant,
359 1905 384 1930 *
409 1909 453 1946 et
481 1910 679 1956 quaerant
707 1917 733 1946 a
759 1905 857 1947 Deo
886 1918 1031 1948 escam

202 1959 296 2002 sibi.

255 2017 390 2059 Ortus
407 2022 473 2058 est
487 2017 566 2067 sol,
586 2022 629 2060 et
648 2018 902 2069 congregati
918 2025 1032 2063 sunt:

201 2077 225 2101 *
250 2079 294 2116 et
321 2074 365 2114 in
393 2072 608 2116 cubilibus
637 2074 727 2115 suis
755 2074 1031 2117 collocabun-

199 2137 280 2173 tur.

254 2186 402 2229 Exibit
421 2186 555 2229 homo
574 2187 632 2229 ad
655 2200 768 2240 opus
788 2201 927 2229 suum:
946 2190 970 2216 *
990 2195 1033 2231 et

204 2244 260 2286 ad
297 2244 597 2297 operationem
639 2257 763 2285 suam
798 2258 940 2297 usque
977 2246 1033 2288 ad

205 2303 448 2354 vesperum.

258 2359 397 2408 Quam
438 2357 715 2409 magnificata
758 2362 858 2400 sunt
899 2360 1034 2411 (Spera

205 2419 279 2455 tua
303 2414 506 2456 Demine!
533 2417 557 2441 *
584 2414 728 2456 omnia
753 2414 796 2455 in
822 2414 1034 2467 sapientia

207 2470 362 2512 fecisti:
399 2471 578 2524 impleta
611 2476 678 2513 est
710 2477 827 2512 terra
860 2484 1033 2524 posses-

207 2526 328 2567 si6ne
346 2532 431 2568 tua.

262 2587 361 2629 Hoc
392 2601 512 2629 mare
543 2602 767 2641 magnum,
801 2593 844 2630 et
875 2589 1035 2641 spatio-

209 2656 303 2683 sum
327 2643 542 2685 manibus:
561 2648 584 2671 *
604 2645 691 2687 illic
714 2644 902 2698 reptilia,
931 2657 1035 2697 quo-

209 2713 303 2741 rum
323 2713 410 2741 non
430 2706 496 2741 est
515 2705 730 2743 namerus.

806 165 1009 200 Dominica
1033 166 1291 200 pentecostes.

1128 255 1344 297 Animalia
1368 256 1526 309 pusilla
1551 270 1649 298 cum
1673 256 1856 308 magnis:
1880 258 1903 284 *

1076 312 1163 354 illic
1182 325 1314 354 naves
1332 313 1670 366 pertransibunt.

1128 369 1274 411 Draco
1293 369 1391 420 iste,
1417 383 1547 422 quem
1567 370 1765 412 formasti
1783 370 1841 412 ad
1858 370 1904 412 il-

1077 425 1314 467 ludendum
1339 426 1392 468 ei:
1417 428 1440 452 *
1466 426 1611 468 omnia
1634 439 1659 467 a
1683 432 1727 468 te
1752 429 1904 480 exspe-

1078 488 1196 524 ctant
1214 488 1262 524 ut
1282 482 1360 524 des
1374 483 1458 524 illis
1478 496 1622 525 escam
1636 483 1679 524 in
1694 486 1906 536 tempore.

1129 540 1272 581 Dante
1299 545 1343 582 te
1371 540 1472 589 illis,
1505 540 1726 591 celligent:
1752 542 1776 567 *
1805 553 1904 594 ape-

1078 596 1215 638 riente
1238 601 1282 638 te
1307 610 1483 638 manum
1505 602 1640 647 tuam,
1669 597 1813 638 omnia
1830 597 1905 638 im-

1078 652 1313 705 plebantur
1331 653 1540 695 bonitate.

1131 709 1370 751 Avertente
1393 715 1539 751 autem
1561 714 1606 751 te
1625 709 1796 759 faciem,
1819 715 1906 752 tur—

1078 765 1316 808 babuntur:
1344 768 1367 794 *
1396 766 1567 808 anseres
1600 766 1801 819 spiritum
1837 769 1907 809 eo-

1079 836 1189 873 rum,
1222 829 1265 865 et
1291 822 1510 873 deficient,
1543 828 1587 865 et
1613 822 1658 863 in
1681 823 1909 876 palverem

1080 893 1206 921 suum
1225 882 1508 922 revertentur.
1799 916 1807 924 ‚

1130 937 1316 979 Emittes
1340 937 1541 990 spiritum
1562 942 1701 988 tuum,
1730 942 1774 979 et
1792 950 1908 979 crea-

1079 993 1254 1035 bantur:
1265 995 1289 1021 *
1301 999 1344 1035 et
1358 993 1592 1036 renovabis
1602 993 1758 1035 faciem
1768 999 1909 1036 terrae.

1131 1050 1195 1092 Sit
1219 1050 1359 1101 gloria
1377 1050 1554 1092 Domini
1576 1050 1620 1091 in
1645 1050 1868 1092 saeculum:
1885 1052 1909 1077 *

1079 1106 1300 1148 laetabitur
1345 1106 1559 1148 Deminus
1607 1106 1652 1148 in
1702 1105 1910 1160 operibus

1080 1176 1184 1204 su1s:

1132 1219 1216 1270 Qui
1235 1219 1413 1272 respicit
1430 1224 1607 1270 terram,
1632 1224 1675 1261 et
1693 1219 1797 1261 facit
1815 1231 1911 1261 earn

1079 1278 1283 1318 tremere:
1314 1277 1338 1302 *
1371 1275 1447 1328 qui
1476 1276 1616 1327 tangit
1645 1281 1834 1326 montes,
1868 1281 1912 1318 et

1081 1332 1303 1383 famigant.

1134 1388 1333 1430 Cantabo
1358 1388 1548 1430 Domino
1572 1388 1618 1429 in
1640 1388 1730 1430 vita
1753 1401 1865 1430 mea:
1887 1389 1911 1415 *

1081 1445 1267 1498 psallam
1286 1445 1384 1487 Deo
1403 1458 1504 1487 meo
1524 1444 1734 1498 quamdiu
1751 1458 1859 1486 sum.

1133 1503 1158 1543 J
1159 1501 1382 1544 ucundum
1396 1502 1452 1544 sit
1467 1502 1506 1544 ei
1521 1502 1744 1555 eloquium
1753 1514 1914 1544 meum:

1082 1561 1105 1586 *
1126 1572 1209 1610 ego
1233 1572 1339 1601 vero
1366 1558 1623 1602 delectabor
1645 1559 1690 1600 in
1712 1558 1913 1601 Domino.

1134 1615 1352 1657 Deficiant
1376 1618 1636 1669 peccateres
1660 1628 1686 1657 a
1708 1619 1842 1666 terra,
1871 1620 1914 1657 et

1083 1672 1219 1724 iniqui
1249 1672 1310 1714 ita
1341 1677 1389 1713 ut
1420 1685 1508 1713 non
1541 1671 1642 1713 sint:
1672 1674 1697 1700 *
1728 1670 1914 1714 benedic

1083 1729 1226 1770 anima
1244 1741 1342 1770 mea
1359 1728 1562 1770 Demino.

1139 1795 1236 1834 Ant.
1274 1795 1437 1835 Emitte
1464 1793 1674 1846 Spiritum
1698 1798 1839 1843 tuum,
1871 1798 1915 1834 et

1084 1849 1361 1892 creabantur:
1402 1855 1446 1891 et
1485 1848 1718 1891 renovabis
1759 1849 1914 1891 faciem

1083 1912 1224 1957 terrae,
1245 1906 1427 1959 allelaja,
1447 1906 1628 1958 allelaja.

1138 1972 1189 2024 V.
1213 1972 1401 2024 Spiritus
1429 1971 1605 2013 Demini
1633 1970 1820 2024 replevit
1847 1983 1913 2011 or-

1084 2028 1185 2070 bem
1203 2031 1433 2078 terrarum,
1459 2027 1640 2079 allehija.
1679 2031 1727 2082 [ζ’.
1750 2027 1915 2069 Ethoc

1086 2084 1206 2138 quod
1226 2085 1419 2127 continet
1437 2084 1592 2134 emnia,
1612 2083 1837 2126 scientiam
1850 2082 1916 2124 ha-

1084 2142 1160 2184 bet
1178 2142 1312 2191 vocis,
1331 2141 1512 2193 alleluja.

1142 2204 1265 2245 Pater
1284 2208 1444 2245 noster.

1140 2263 1385 2305 Absolutio.
1419 2261 1596 2304 Exaadi.

1140 2323 1302 2366 Bened.
1332 2323 1593 2375 Evangelica
1610 2323 1752 2366 lectio.

1089 2407 1242 2450 Lectio
1264 2406 1403 2448 sancti
1426 2404 1651 2457 Evangelii
1674 2404 1915 2447 secandum

1389 2463 1414 2503 J
1416 2464 1613 2503 oannem.

1195 2525 1344 2566 Lectio
1366 2525 1387 2564 i.
1584 2525 1687 2574 Cap.
1704 2524 1761 2563 14.
1779 2535 1811 2563 c.

1088 2582 1163 2689 In
1181 2586 1257 2627 illo
1275 2587 1488 2637 tempore:
1507 2583 1628 2625 Dixit
1642 2584 1667 2625 J
1669 2596 1770 2625 esus
1790 2582 1915 2624 disci-

1148 2642 1264 2696 pulis
1278 2642 1382 2683 suis:
1402 2641 1446 2684 Si
1464 2641 1560 2693 quis
1576 2639 1715 2691 diligit
1729 2652 1810 2689 me,
1830 2652 1915 2681 ser-

1089 2702 1264 2742 monem
1295 2712 1440 2740 meum
1472 2697 1681 2748 servabit,
1713 2702 1757 2738 et
1787 2697 1917 2738 Pater
