2066 2956
652 234 929 267 Pretiosissimi
955 233 1162 275 Sanguinis
1192 232 1229 265 1),
1258 233 1300 265 N.
1327 232 1358 264 .1.
1385 234 1423 265 (ἶ.

436 328 516 370 Ad
540 329 738 370 Laudes

380 387 431 418 et
469 393 566 426 per
604 383 799 417 Horas.

227 436 324 476 Ant.
346 438 375 475 1.
405 435 461 476 Hi
487 435 562 487 qui
587 435 733 476 amicti
751 439 851 475 sunt
869 434 892 459 *
913 438 1000 474 sto-

173 493 225 534 lis
251 492 379 542 albis,
415 492 489 544 qui
509 496 625 540 sunt,
659 496 703 533 et
730 491 845 532 unde
874 492 999 531 vene-

114 582 118 585 .
173 548 296 591 runt?

225 608 291 647 Ps.
322 605 534 647 Deminus
554 604 763 656 regnavit.
782 605 841 645 16.

223 666 258 703 2.
298 662 354 703 Ili
387 666 504 711 sunt,
536 661 560 686 *
595 661 669 712 qui
702 662 913 702 venerunt
945 659 1000 701 de

172 717 452 760 tribulatione
497 730 670 768 magna;
716 721 759 758 et
802 716 1002 758 laverunt

173 774 311 816 stolas
331 787 432 815 suas
450 774 495 814 in
518 774 726 825 sanguine
746 773 871 824 Agni.

227 834 260 873 3.
286 830 389 873 Ideo
408 831 508 872 sunt
526 830 550 855 *
570 835 670 871 ante
685 829 892 871 thronum
907 829 1001 879 Dei,

174 892 217 928 et
236 888 429 928 serviunt
448 887 488 928 ei
507 886 589 936 die,
609 900 661 928 ac
679 891 819 927 nocte.

226 948 262 985 4.
300 947 354 985 Et
381 944 467 995 ipsi
495 943 692 984 vicerunt
717 943 740 968 *
766 942 1002 984 draconem

173 1005 357 1053 propter
384 1000 639 1051 sanguinem
669 999 802 1051 Agni,
833 1004 876 1041 et
902 1011 1000 1051 pro-

174 1061 274 1109 pter
292 1059 602 1098 testamentum
620 1055 758 1097 Verbi
779 1056 858 1097 sui.

226 1117 263 1155 5
295 1113 417 1154 Beati
436 1114 459 1138 *
481 1112 555 1165 qui
574 1112 723 1153 lavant
743 1111 880 1153 stolas
899 1124 1001 1152 suas

173 1168 217 1208 in
235 1169 444 1220 sanguine
466 1169 591 1220 Agni.

280 1236 537 1287 Capitulum.
714 1234 844 1275 Hebr.
861 1236 898 1273 9.

251 1303 405 1340 ratres:
435 1298 633 1339 Christus
662 1299 870 1338 assistens
895 1299 1001 1349 pon-

268 1355 375 1396 tifex
396 1355 642 1396 futurorum
660 1354 895 1403 bonorum,
923 1366 1003 1405 per

172 1411 375 1464 amplius,
409 1416 452 1452 et
479 1410 717 1463 perfectius
746 1409 1001 1451 tabernacu-

173 1467 263 1508 lum
285 1480 373 1509 non
395 1467 707 1516 manufactum,
736 1465 781 1507 id
805 1471 886 1515 est,
914 1478 1001 1506 non

173 1523 297 1575 hujus
331 1524 583 1574 creationis,
621 1535 764 1575 neque
796 1535 875 1574 per
907 1523 1001 1562 san-

172 1581 348 1632 guinem
382 1580 619 1630 hircorum,
651 1585 726 1621 aut
756 1578 1001 1627 vitulorum,

173 1636 252 1678 sed
284 1650 364 1690 per
395 1637 625 1690 proprium
658 1635 911 1686 sanguinem
942 1634 1001 1674 in-

172 1694 322 1735 troivit
337 1693 472 1735 semel
486 1693 530 1734 in
544 1693 713 1742 Sancta,
729 1693 892 1733 aeterna
907 1690 1001 1732 red-

173 1750 395 1803 empti6ne
414 1750 600 1792 inventa.

481 1811 691 1862 Hymnus.

295 1879 437 1922 alvete
457 1880 617 1922 Christi
636 1879 825 1924 vulnera,

309 1937 515 1978 Immensi
534 1937 696 1978 amoris
714 1938 909 1989 pignora,

280 1992 449 2042 Quibus
469 1995 685 2046 perennes
705 1991 833 2033 rivuli

279 2048 458 2090 Manant
477 2049 672 2090 rubentis
693 2047 924 2098 sanguinis.

229 2112 384 2154 Nitere
404 2113 555 2155 stellas
573 2112 758 2161 vincitis,

280 2169 424 2210 Rosas
444 2169 582 2211 odore
602 2174 646 2211 et
664 2168 870 2217 balsama,

280 2225 428 2268 Pretio
447 2226 623 2279 lapillos
642 2224 832 2274 Indicos

281 2282 422 2324 Mellis
441 2283 566 2324 favos
586 2281 826 2324 dulcedine.

240 2349 315 2388 l'er
333 2360 415 2388 vos
430 2352 557 2400 patet
575 2346 871 2398 gratissimum

282 2403 458 2445 Nostris
478 2403 647 2455 asylum
664 2402 897 2451 mentibus3

282 2459 383 2501 Non
403 2459 488 2501 huc
506 2460 627 2501 furor
645 2457 901 2499 minantium

282 2516 499 2568 Umquam
517 2517 720 2568 penetrat
740 2513 943 2554 hostium.

218 2582 349 2630 Quot
367 2582 392 2623 J
394 2594 495 2623 esus
514 2581 557 2621 in
576 2580 789 2633 praetorio

283 2638 477 2689 Flagella
495 2636 638 2678 nudus
659 2634 836 2687 excipit!

285 2694 402 2743 Quot
421 2693 558 2734 scissa
574 2691 702 2745 pellis
722 2689 914 2742 undique

283 2748 425 2791 Stillat
444 2748 610 2790 cruoris
629 2745 836 2798 guttulas!

1789 227 1879 271 [331]

1108 326 1312 366 Frontem
1328 328 1568 374 venustam,
1587 323 1701 377 proh
1721 321 1863 364 dolor!

1159 382 1332 423 Cor6na
1351 383 1505 434 pungit
1525 383 1688 433 spinea,

1158 438 1280 480 Clavi
1297 442 1446 480 retusa
1466 437 1649 491 cuspide

1158 494 1302 536 Pedes
1321 499 1564 547 manusque
1582 494 1816 547 perforant.

1107 560 1348 612 Postquam
1366 559 1444 602 sed
1463 559 1535 601 ille
1554 558 1736 601 tradidit

1159 617 1335 666 Amans,
1354 616 1594 668 volensque
1615 615 1825 668 spiritum,

1157 673 1318 715 Pectus
1339 673 1489 714 feritur
1507 673 1669 721 lancea,
1842 685 1847 688 ·

1098 736 1101 737 ’
1161 729 1458 781 Geminusque
1478 729 1622 781 liquor
1642 728 1795 769 exsilit.

1108 796 1165 836 1‘t
1184 794 1314 847 plena
1334 794 1390 836 sit
1409 794 1667 846 redemptio,

1157 850 1247 892 Sub
1267 851 1474 892 torculari
1494 850 1728 901 stringitur,

1157 908 1320 959 Suique
1339 908 1364 947 J
1366 920 1466 949 esus
1486 910 1725 955 immemor,

1158 963 1250 1006 Sibi
1269 964 1328 1004 nil
1347 966 1544 1005 reservat
1558 962 1797 1014 sanguinis.

1109 1030 1278 1077 Venite,
1299 1034 1519 1081 quotquot
1538 1027 1766 1069 criminum

1159 1085 1349 1126 Funesta
1368 1085 1489 1126 labes
1509 1085 1659 1126 inficit:

1159 1142 1210 1182 In
1228 1141 1314 1183 hoc
1334 1141 1486 1182 salutis
1505 1141 1663 1183 balneo

1160 1198 1244 1248 Qui
1262 1211 1310 1239 se
1329 1197 1457 1247 lavat,
1476 1197 1767 1239 mundabitur.

1108 1264 1272 1305 Summi
1293 1262 1350 1305 ad
1368 1263 1567 1304 Parentis
1588 1261 1814 1304 dexteram

1159 1320 1338 1362 Sedenti
1356 1318 1561 1361 habenda
1580 1324 1646 1360 est
1665 1319 1816 1369 gratia,

1159 1377 1242 1426 Qui
1261 1390 1342 1418 nos
1362 1376 1546 1418 redemit
1565 1376 1784 1426 sanguine,

1158 1433 1408 1485 Sancteque
1426 1432 1570 1474 firmat
1588 1432 1762 1484 Spiritu.

1368 1489 1520 1530 Amen.

1108 1546 1158 1598 Y.
1175 1550 1200 1591 J
1202 1550 1409 1591 ustificati
1422 1550 1466 1590 in
1484 1549 1695 1601 sanguine
1712 1549 1882 1591 Christi.

1057 1608 1107 1659 R.
1129 1606 1245 1648 Salvi
1273 1606 1434 1647 erimus
1460 1606 1514 1647 ab
1539 1606 1604 1646 ira
1626 1619 1705 1657 per
1728 1606 1883 1658 ipsum.

1109 1673 1180 1713 Ad
1219 1672 1378 1713 Bencd.
1424 1672 1521 1710 Ant.
1574 1667 1669 1709 Erit
1707 1667 1882 1718 sanguis

1056 1724 1171 1776 Agni
1191 1723 1316 1765 vobis
1335 1723 1379 1764 in
1398 1723 1585 1774 signum,
1610 1722 1716 1765 dicit
1735 1723 1882 1764 Demi-

1054 1794 1149 1822 nus:
1169 1785 1213 1822 et
1226 1779 1387 1822 videbo
1402 1780 1667 1830 sanguinem,
1687 1785 1730 1821 et
1745 1785 1882 1821 trans-

1054 1837 1129 1879 ibo
1162 1850 1260 1886 vos,
1292 1848 1374 1877 nec
1406 1836 1488 1877 erit
1518 1836 1562 1876 in
1593 1835 1721 1877 vobis
1752 1835 1882 1888 plaga

1056 1891 1326 1946 disperdens.

1391 1952 1552 1992 Oratio.

1141 2008 1391 2058 mnipotens
1437 2005 1702 2057 sempiterne
1747 2004 1881 2053 Deus,

1159 2062 1233 2114 qui
1270 2061 1537 2112 unigenitum
1565 2060 1722 2101 Filium
1758 2064 1881 2101 tuum

1055 2118 1205 2160 mundi
1231 2117 1577 2170 RedemptOrem
1606 2115 1881 2164 constituisti,

1056 2187 1107 2215 ac
1139 2175 1231 2225 ejus
1263 2173 1472 2224 sanguine
1499 2171 1664 2224 placari
1691 2171 1882 2213 voluisti:

1056 2230 1260 2280 concede,
1277 2231 1537 2282 quaesmus,
1553 2227 1705 2269 salutis
1718 2233 1882 2269 nostrae

1055 2287 1245 2339 pretium
1263 2285 1446 2327 solemni
1465 2284 1583 2326 cultu
1599 2283 1660 2325 ita
1675 2284 1883 2333 venerari,

1056 2347 1189 2394 atque
1213 2355 1239 2383 a
1262 2341 1492 2394 praesentis
1517 2340 1621 2381 vitae
1646 2339 1771 2380 malis
1791 2340 1882 2391 ejus

1055 2399 1217 2440 virtute
1241 2396 1415 2439 defendi
1437 2396 1481 2436 in
1498 2396 1642 2445 terris;
1666 2400 1715 2437 ut
1738 2395 1883 2437 fructu

1055 2457 1271 2507 perpetuo
1303 2453 1501 2494 laetemur
1533 2452 1577 2492 in
1610 2451 1745 2493 coelis.
1798 2452 1883 2492 Per

1057 2510 1260 2552 eilmdem
1278 2509 1523 2551 Dominum.

1111 2579 1155 2612 Et
1180 2580 1218 2611 lit
1245 2587 1438 2610 commem.
1463 2576 1595 2609 Fcriae.

1327 2635 1395 2671 Ad
1417 2634 1618 2672 Primam.
1759 2679 1769 2685 .

1111 2693 1157 2731 ln
1181 2692 1228 2742 Rg.
1248 2691 1309 2730 br.
1339 2683 1388 2734 Y.
1413 2686 1498 2737 Qui
1516 2691 1593 2727 tuo
1612 2698 1693 2727 nos
1713 2685 1881 2736 sangui-

1056 2757 1112 2786 ne
1131 2743 1366 2786 redemisti.
