2028 2892
688 185 786 218 Infra
814 187 995 220 Uctavam
1021 187 1282 221 Asci-usionis.

134 291 197 328 re,
222 291 320 330 quae
341 280 556 331 corporeo
575 291 663 320 non
681 278 881 320 videntur
898 279 958 320 in-

134 335 257 385 tuitu,
280 340 325 377 et
341 335 402 377 ibi
419 335 556 386 figere
576 334 849 384 desiderium,
870 348 957 387 quo

134 393 326 443 nequeas
343 391 501 432 inferre
521 393 815 444 conspectum.
848 392 958 433 Haec

135 452 280 489 autem
304 449 446 501 pietas
471 447 586 489 unde
611 447 654 488 in
680 448 842 489 nostris
867 450 958 489 cor-

135 502 263 545 dibus
301 506 575 554 nasceretur,
620 510 694 546 aut
736 504 957 556 quomodo

135 560 365 612 quisquam
388 560 694 613 justificaretur
716 573 796 613 per
815 560 958 609 fidem,

134 616 170 657 si
187 616 232 657 in
254 616 306 658 iis
328 622 496 658 tantum
515 617 632 658 salus
651 622 801 659 nostra
821 619 958 658 consi-

133 678 279 722 steret,
300 686 398 724 quae
419 673 644 715 obtutibus
664 672 957 726 subjacerent?

132 728 259 771 Unde
288 735 332 771 et
358 729 419 770 illi
446 730 557 780 viro,
587 730 661 782 qui
689 730 744 771 de
771 742 958 771 resurre-

134 786 276 827 ctione
298 785 457 827 Christi
479 786 708 828 videbatur
727 786 958 837 ambigere,

133 842 216 883 nisi
231 842 276 882 in
291 842 429 895 ipsius
446 855 575 884 carne
594 843 777 894 vestigia
794 843 959 896 passio-

133 898 200 939 nis
234 903 278 941 et
309 898 406 940 visu
439 898 714 952 explorasset
749 905 792 942 et
822 904 958 941 tactu:

135 954 246 1005 Quia
272 954 420 997 vidisti
446 968 536 1005 me,
568 956 708 1008 inquit
734 956 958 1006 Dominus,

134 1010 373 1053 credidisti:
399 1011 519 1053 beati
541 1013 615 1064 qui
637 1025 725 1054 non
747 1011 958 1062 viderunt,

135 1072 180 1109 et
193 1066 480 1110 crediderunt.
516 1064 564 1115 R„
580 1067 847 1110 Ascendens.
867 1069 959 1110 323.

360 1144 408 1182 In
428 1143 498 1181 III.
518 1142 740 1180 Nocturno.

137 1209 286 1266 Lectio
313 1212 451 1254 sancti
473 1212 698 1264 Evangelii
720 1212 960 1255 secundum

443 1269 650 1311 Marcum.

240 1326 389 1366 Lectio
411 1325 477 1366 vii.
631 1326 733 1375 Cap.
750 1324 806 1364 16.
824 1338 857 1364 c.

181 1402 210 1429 n
235 1388 310 1431 illo
338 1391 557 1443 tempore:
587 1389 958 1432 Recumbentibus

197 1444 400 1498 undecim
418 1446 662 1500 discipulis,
688 1447 890 1500 apparuit
912 1446 958 1486 il-

133 1500 186 1542 lis
205 1502 230 1542 J
232 1514 346 1544 esus:
369 1508 413 1545 et
432 1503 714 1557 exprobravit
731 1502 958 1544 increduli-

133 1559 270 1600 tatem
297 1561 464 1610 eorum,
495 1565 539 1602 et
567 1559 770 1602 duritiam
798 1558 958 1601 cordis:

136 1614 238 1666 quia
255 1614 323 1666 iis,
344 1616 418 1668 qui
436 1615 636 1658 viderant
656 1629 754 1658 eum
772 1628 959 1657 resurre-

134 1673 262 1722 xisse,
284 1684 373 1714 non
392 1672 679 1715 crediderunt.
706 1673 763 1715 Et
781 1672 958 1724 reliqua.

139 1747 202 1788 De
220 1748 414 1790 Homilia
437 1750 576 1792 sancti
596 1750 797 1802 Gregorii
815 1751 959 1804 Papae.

307 1807 365 1842 Ex
388 1807 522 1842 eadem
547 1806 715 1840 Homilia
739 1806 791 1838 29.

144 1864 183 1924 ’ᾗ
263 1861 307 1902 ui
343 1861 598 1913 crediderit,
637 1868 680 1905 et
713 1862 960 1915 baptizatus

148 1915 224 1969 0¹*ss*
258 1970 259 1975 ¹
280 1917 425 1970 fuerit,
454 1919 600 1962 salvus
627 1919 725 1961 erit:
756 1919 830 1971 qui
854 1931 959 1960 vero

185 1975 215 1994 ‘³
279 1987 368 2016 non
387 1974 636 2026 crediderit,
657 1974 961 2017 condemnabi-

137 2034 218 2071 tur.
269 2030 477 2074 Fortasse
510 2034 808 2083 unusquisque
843 2030 960 2084 apud

139 2088 423 2139 semetipsum
446 2087 577 2130 dicat:
604 2088 699 2138 Ego
719 2088 802 2139 jam
827 2086 961 2128 credi-

139 2140 194 2191 di,
209 2141 355 2184 salvus
370 2155 458 2185 ero.
473 2144 638 2186 Verum
652 2142 766 2193 dicit,
782 2142 817 2183 si
829 2141 961 2183 fidem

138 2198 346 2251 operibus
369 2204 500 2242 tenet.
527 2200 646 2242 Vera
669 2199 828 2241 etenim
850 2198 961 2239 fides

138 2259 220 2304 est,
241 2266 339 2307 quae
358 2255 402 2296 in
419 2256 519 2306 hoc,
542 2254 662 2308 quod
681 2255 825 2297 verbis
845 2253 960 2303 dicit,

137 2310 332 2353 moribus
350 2324 438 2354 non
459 2310 729 2354 contradicit.
763 2311 876 2352 Hinc
896 2315 961 2351 est

138 2366 252 2408 enim
292 2367 412 2420 quod
448 2367 502 2410 de
545 2366 805 2420 quibusdam
841 2366 960 2407 falsis

137 2422 341 2465 fidelibus
368 2425 529 2465 Paulus
558 2423 680 2466 dicit:
717 2423 799 2474 Qui
830 2422 960 2464 confi-

138 2480 283 2521 tentur
297 2493 344 2521 se
362 2493 492 2522 nosse
507 2481 659 2531 Deum,
677 2479 802 2521 factis
817 2483 961 2519 autem

138 2541 308 2586 negant.
333 2537 449 2578 Hinc
462 2537 487 2577 J
490 2538 652 2578 oannes
667 2535 740 2577 ait:
760 2534 842 2585 Qui
858 2533 962 2575 dicit

139 2603 186 2631 se
217 2603 347 2634 nosse
375 2593 536 2642 Deum,
569 2597 612 2634 et
638 2589 843 2632 mandata
871 2590 960 2642 ejus

138 2658 226 2687 non
246 2648 447 2698 custodit,
466 2647 653 2689 mendax
672 2653 748 2689 est.

196 2698 246 2748 Rt·
267 2703 363 2754 Ego
382 2703 561 2755 rogabo.
588 2704 680 2744 325.

294 2843 358 2869 Pars
374 2844 468 2868 Verna.

1763 182 1834 223 329·

1303 283 1447 322 Lectio
1468 285 1548 322 viii.

1014 318 1187 441 Quod
1215 350 1312 378 cum
1342 337 1401 379 ita
1432 338 1506 388 sit,
1538 338 1641 380 fidei
1669 346 1831 382 nostrae

1115 393 1342 435 veritatem
1361 394 1403 434 in
1425 395 1527 436 vitae
1548 401 1709 437 nostrae
1731 409 1830 438 con-

1013 448 1276 491 sideratione
1325 449 1533 492 debemus
1583 455 1830 502 agnoscere.

1011 505 1136 547 Tunc
1178 506 1291 547 enim
1329 507 1540 549 veraciter
1575 507 1726 550 fideles
1763 523 1830 550 su-

1010 574 1125 611 mus,
1153 562 1189 602 si
1215 561 1335 614 quod
1360 562 1504 605 verbis
1530 565 1830 615 promittimus,

1012 617 1220 670 operibus
1242 619 1520 671 complemus.
1554 620 1602 660 In
1622 620 1691 662 die
1711 622 1831 674 quip-

1011 686 1068 726 pe
1091 673 1378 727 baptismatis,
1403 675 1600 716 omnibus
1623 690 1703 717 nos
1727 680 1831 719 anti-

1013 730 1087 781 qui
1101 730 1240 772 hostis
1257 730 1473 783 operibus,
1488 736 1619 783 atque
1635 733 1831 774 omnibus

1011 787 1185 839 pompis
1216 787 1517 829 abrenuntiare
1545 789 1832 840 promisimus.

1011 843 1165 895 Itaque
1205 847 1504 896 unusquisque
1544 850 1736 886 vestrum
1777 846 1833 888 ad

1012 899 1404 942 considerationem
1423 913 1546 942 suam
1559 902 1716 943 mentis
1734 904 1832 944 ocu-

1010 955 1078 996 los
1096 955 1291 1007 reducat3
1311 961 1354 998 et
1369 957 1405 998 si
1421 963 1565 999 servat
1579 963 1681 1010 post
1695 958 1832 1011 bapti-

1011 1024 1166 1062 smum,
1191 1012 1311 1064 quod
1330 1019 1429 1055 ante
1451 1014 1715 1067 baptismum
1735 1028 1832 1068 spo-

1011 1068 1176 1121 pondit,
1199 1075 1343 1111 certus
1361 1071 1455 1122 jam,
1477 1071 1578 1122 quia
1596 1070 1736 1113 fidelis
1756 1077 1832 1122 est,

1012 1124 1212 1175 gaudeat.

1071 1181 1118 1230 Rp-
1140 1181 1272 1223 Ponis
1291 1182 1461 1225 nubem.
1489 1184 1581 1224 325.

1318 1234 1465 1274 Lectio
1487 1235 1538 1272 ix.

1017 1287 1136 1394 Sed
1163 1307 1282 1345 ecce,
1310 1296 1346 1336 si
1373 1295 1492 1347 quod
1516 1295 1731 1348 promisit,
1758 1298 1832 1336 mi-

1096 1351 1209 1392 nime
1233 1352 1436 1401 servavit,
1461 1352 1496 1393 si
1515 1351 1571 1393 ad
1591 1351 1832 1394 exercenda

1010 1420 1146 1460 prava
1179 1410 1332 1460 opera,
1369 1406 1426 1449 ad
1460 1407 1830 1460 concupiscendas

1010 1463 1159 1505 mundi
1175 1476 1361 1516 pompas
1379 1462 1571 1516 dilapsus
1591 1469 1670 1506 est:
1689 1464 1831 1506 videa-

1010 1533 1116 1571 mus,
1136 1520 1172 1561 si
1191 1521 1275 1572 jam
1294 1520 1375 1561 scit
1393 1520 1609 1573 plangere,
1630 1519 1748 1572 quod
1768 1534 1830 1562 er-

1010 1577 1132 1618 ravit.
1158 1575 1291 1629 Apud
1305 1576 1630 1618 misericordem
1644 1590 1829 1629 namque

1010 1633 1196 1686 judicem
1213 1646 1294 1674 nec
1309 1633 1380 1674 ille
1398 1633 1528 1674 fallax
1544 1632 1738 1683 habetur,
1758 1635 1831 1685 qui

1011 1689 1068 1731 ad
1082 1690 1309 1731 veritatem
1323 1689 1560 1739 revertitur,
1578 1689 1706 1730 etiarn
1720 1695 1831 1742 post-

1012 1759 1142 1798 quam
1168 1747 1392 1787 mentitur:
1425 1745 1525 1797 quia
1557 1748 1829 1798 omnipotens

1011 1803 1142 1852 Deus,
1163 1800 1267 1843 dum
1284 1801 1467 1843 libenter
1486 1807 1680 1843 nostram
1697 1803 1831 1854 poeni-

1011 1859 1190 1900 tentiam
1218 1857 1414 1910 suscipit,
1441 1857 1536 1910 ipse
1564 1870 1642 1899 suo
1671 1857 1829 1910 judicio

1011 1915 1107 1965 hoc,
1127 1913 1246 1966 quod
1265 1914 1511 1964 erravimus,
1530 1913 1769 1956 abscondit.

1069 1970 1129 2013 Te
1149 1971 1291 2012 Deum
1307 1969 1546 2012 laudamus.
1563 1971 1623 2011 15.

1279 2081 1564 2118 Sabbata

1250 2137 1298 2175 In
1325 2136 1354 2174 Ι.
1382 2135 1416 2174 N
1419 2135 1600 2174 octurno.

1041 2198 1104 2239 De
1124 2198 1322 2251 Epistola
1343 2196 1532 2239 secunda
1554 2196 1669 2238 beati
1686 2196 1803 2238 Petri

1316 2252 1529 2306 Apostoli.
1585 2301 1594 2304 -

1119 2305 1269 2346 Lectio
1295 2305 1316 2344 i.
1572 2302 1672 2351 Cap.
1692 2301 1727 2339 3.

1015 2369 1224 2436 Γ,
1242 2377 1344 2407 ecce
1363 2362 1497 2413 vobis,
1522 2363 1742 2412 carissimi,
1764 2375 1828 2404 se-

1015 2422 1101 2481 {12
1129 2419 1131 2455 i
1161 2420 1346 2463 cundam
1365 2419 1506 2461 scribo
1527 2419 1767 2471 epistolam,
1786 2419 1829 2459 in

1058 2469 1070 2487 ‘⁶
1162 2477 1317 2528 quibus
1363 2479 1551 2516 vestram
1596 2475 1738 2516 excito
1785 2476 1828 2515 in

1013 2533 1346 2574 commonitione
1381 2531 1591 2571 sinceram
1624 2536 1829 2572 mentem:

1002 2594 1059 2630 .ut
1075 2590 1290 2630 memores
1309 2587 1401 2628 sitis
1421 2588 1582 2636 eorum,
1603 2599 1700 2638 quae
1720 2600 1828 2640 prae-

1012 2644 1112 2695 dixi,
1127 2644 1358 2686 verborum
1374 2655 1398 2683 a
1413 2643 1572 2684 sanctis
1586 2643 1828 2696 Prophetis,

1012 2706 1056 2742 et
1082 2698 1396 2752 Apostolorum
1426 2701 1688 2749 vestrorum,
1719 2711 1828 2751 prae-

1561 2829 1603 2860 22
