2028 2892
731 187 927 220 Dominica
955 186 1270 220 Resurrectismis.

451 281 602 320 Lectio
626 282 676 319 iii.

197 352 227 379 n
251 352 331 380 sua
356 351 461 389 ergo
488 351 539 379 ac
566 342 717 379 nostra
741 338 978 379 festivitate

150 423 154 425 >
212 395 407 447 Angelus
428 395 472 435 in
496 394 606 436 albis
626 393 821 435 vestibus
845 396 977 446 appa-

151 452 251 493 ruit:
271 452 375 502 quia
391 450 495 492 dum
508 462 588 491 nos
602 463 682 502 per
698 450 978 491 resurrectio-

115 541 120 545 .
152 520 252 548 nem
269 506 548 548 Dominicam
569 505 626 547 ad
646 507 835 557 superna
853 505 978 546 redu-

152 563 306 613 cimur,
334 563 528 604 coelestis
554 562 710 615 patriae
735 560 893 602 damna
916 574 979 602 re-

151 620 375 672 parantur.
429 617 517 660 Sed
556 617 662 670 quid
699 617 979 658 advenientes

153 674 335 716 feminas
361 674 535 723 affatur,
563 673 807 715 audiamus:
832 672 981 713 Nolite

84 770 89 772 .
154 732 460 783 expavescere.
500 729 568 770 Ac
599 729 635 770 si
668 731 820 781 aperte
853 728 982 777 dicat,

153 787 351 828 Paveant
364 786 436 836 illi,
457 786 532 837 qui
550 797 639 826 non
658 789 805 826 amant
825 784 982 825 adven-

153 847 249 884 tum
268 843 559 895 supern6rum
584 841 757 882 civium:
780 841 983 893 pertime-

156 903 297 948 scant,
343 898 418 951 qui
461 897 709 939 carnalibus
756 896 984 938 desideriis

154 955 313 1008 pressi,
357 954 414 996 ad
455 956 607 995 eorum
644 966 691 994 se
727 953 985 994 societatem

154 1012 406 1063 pertingere
436 1022 569 1063 posse
597 1009 846 1062 desperant.
888 1009 985 1050 Vos

156 1071 319 1116 autem,
348 1079 424 1108 cur
442 1066 766 1119 pertimescitis,
797 1077 896 1117 quae
915 1077 985 1105 ve-

152 1127 274 1164 stros
311 1125 516 1164 concives
551 1120 733 1164 videtis?
779 1121 906 1163 Unde
943 1126 987 1162 et

155 1178 391 1220 Matthaeus
408 1178 627 1230 Angelum
643 1179 900 1230 apparuisse
915 1176 986 1218 de-

158 1235 372 1285 scribens,
410 1235 484 1276 ait:
519 1235 627 1275 Erat
657 1235 863 1286 aspectus
897 1233 988 1284 ejus

158 1291 271 1333 sicut
286 1291 442 1343 fulgur,
461 1295 505 1332 et
519 1290 780 1332 vestimenta
799 1290 890 1341 ejus
909 1289 987 1329 sic-

158 1351 207 1389 ut
232 1346 318 1388 nix.
364 1348 416 1388 In
447 1346 618 1397 fulgure
652 1346 812 1387 etenim
844 1350 989 1386 terror

158 1403 331 1445 timeris
350 1408 435 1453 est,
458 1403 504 1443 in
526 1402 628 1443 nive
650 1406 799 1443 autem
821 1400 988 1442 blandi-

159 1461 356 1501 mentum
375 1458 589 1500 canderis

212 1526 306 1560 Post
330 1525 382 1558 iii.
407 1525 629 1559 Lectioncm
652 1524 792 1558 dicitur

216 1582 278 1622 Te
295 1580 441 1622 Deum
461 1578 704 1620 laudamus.
731 1577 790 1618 15.

378 1650 380 1654 ’
418 1658 498 1700 Ad.
523 1658 732 1700 Laudes.

214 1724 313 1764 Ant.
332 1725 362 1763 1.
388 1719 585 1770 Angelus
605 1722 752 1760 autem
769 1718 950 1759 Demini
967 1719 990 1745 *

164 1775 394 1819 descendit
414 1775 469 1818 de
488 1775 615 1825 coelo,
635 1779 679 1816 et
697 1774 912 1816 accedens
928 1787 990 1816 re-

163 1832 303 1875 velvit
327 1832 537 1885 lepidem,
570 1836 615 1873 et
645 1830 828 1872 sedebat
859 1843 992 1883 super

165 1902 276 1938 eum,
295 1887 478 1940 alleluja,
500 1886 682 1938 alleluja.

215 1952 283 1992 Ps.
299 1948 527 1994 .D6minus
545 1946 755 1998 regnavit.
778 1947 838 1987 16.

216 2013 252 2051 2.
280 2012 339 2052 Et
364 2021 467 2050 ecce
494 2009 774 2050 terraemetus
801 2006 825 2032 *
852 2006 994 2047 factus

168 2069 235 2107 est
252 2077 453 2116 magnus:
471 2063 667 2115 Angelus
687 2062 803 2103 enim
816 2061 996 2102 Demini

168 2120 399 2162 descendit
418 2119 473 2162 de
493 2119 619 2168 coelo,
639 2117 822 2168 alleluja.

218 2181 255 2220 3.
291 2179 401 2219 Erat
431 2181 579 2217 autem
610 2175 635 2200 *
668 2174 872 2225 aspectus
905 2172 996 2223 ejus

169 2233 281 2274 sicut
294 2231 449 2282 fulgur,
467 2231 729 2273 vestimenta
745 2233 892 2270 autem
906 2228 996 2279 ejus

170 2288 282 2330 sicut
300 2288 386 2337 niX,
405 2286 586 2338 alleluja,
608 2284 791 2336 alleluja.

165 2380 168 2384 .
222 2347 258 2385 4.
295 2346 395 2385 Prae
422 2343 581 2384 timore
609 2346 757 2383 autem
776 2340 866 2390 ejus
884 2339 908 2364 *
927 2350 997 2379 ex-

169 2399 310 2441 territi
328 2404 430 2440 sunt
452 2398 677 2446 cust6des‚
705 2401 750 2438 et
772 2395 876 2436 facti
899 2398 999 2434 sunt

170 2455 291 2496 velut
308 2455 480 2504 mortui,
499 2454 682 2504 alleluja.

223 2513 261 2553 5.
295 2514 417 2563 Resp
420 2509 588 2551 endens
620 2512 767 2549 autem
794 2504 999 2556 Angelus,

171 2566 196 2592 *
223 2566 333 2608 dixit
359 2565 629 2608 mulieribus:
655 2563 805 2604 Nolite
833 2562 1000 2602 timere:

168 2622 274 2718 1sclio
284 2622 399 2664 enim
419 2621 539 2674 quod
552 2621 576 2661 J
579 2632 703 2662 esum
719 2616 924 2669 quaeritis,
942 2614 999 2656 al-

191 2689 215 2718 e
232 2678 313 2729 uia.

1852 130 1901 141 ⁸¹1

1779 177 1852 212 ‘259

1085 279 1323 321 Capitulum.
1361 279 1530 321 Hymnus
1562 285 1592 311 ct
1628 279 1665 317 ‚NJ
1699 288 1769 308 ιιωιι
1799 277 1849 307 tii-

1031 333 1177 364 cuntur,
1203 326 1269 359 secl
1297 336 1426 359 eorum
1451 327 1536 365 loeo

1084 388 1117 426 Α
1128 391 1184 426 nt.
1214 385 1323 423 Haec
1349 380 1458 430 dies,
1485 392 1615 431 quam
1639 379 1741 420 fecit
1764 379 1852 420 Do-

1031 437 1189 477 minus:
1240 437 1520 485 exsultemus,
1569 440 1613 477 et
1656 435 1853 476 laetemur

1031 493 1076 532 in
1095 505 1156 533 ea.

1085 562 1153 602 Ad
1180 559 1339 601 Bencd.
1371 563 1468 599 Ant.
1498 559 1553 597 Et
1576 555 1703 597 valde
1727 569 1854 597 mane

1033 624 1119 652 una
1137 611 1421 652 sabbatorum
1438 611 1615 652 veniunt
1634 612 1690 652 ad
1707 625 1854 654 monu-

1032 669 1238 717 mentum,
1257 672 1355 708 orto
1374 667 1459 719 jam
1478 667 1579 717 sole,
1599 667 1778 719 alleluja.

1370 744 1532 783 Oratio.

1122 818 1215 855 eus,
1239 805 1313 857 qui
1330 804 1543 846 hodierna
1567 804 1637 845 die
1655 817 1734 856 per
1757 805 1857 846 Uni·
1902 796 1907 836 ἕ

1136 862 1328 912 genitum
1355 866 1478 902 tuum
1507 861 1760 902 aeternitatis
1784 873 1857 902 no-

1035 918 1103 959 bis
1131 917 1297 959 aditum
1328 917 1499 958 devicta
1526 921 1668 958 morte
1696 919 1858 958 resera-

1037 974 1107 1015 sti:
1130 980 1234 1014 vota
1252 978 1414 1022 nostra,
1434 986 1532 1025 quae
1550 972 1858 1025 praeveniendo

1038 1032 1222 1082 aspiras,
1264 1030 1394 1070 etiam
1430 1029 1675 1079 adjuvando
1714 1030 1859 1080 prose-

1040 1098 1184 1138 quere.
1217 1086 1301 1126 Per
1321 1085 1522 1127 eumdem
1539 1085 1784 1126 Deminum.

1091 1151 1139 1202 Y
1179 1150 1395 1190 Deminus
1427 1149 1663 1190 vobiscum.
1724 1150 1771 1199 R.
1806 1149 1862 1188 Et

1040 1218 1139 1246 cum
1163 1206 1319 1257 spiritu
1341 1210 1430 1246 tuo.

1092 1272 1141 1322 Y.
1178 1269 1497 1311 Benedicamus
1525 1269 1732 1317 Domino,
1763 1268 1862 1309 alle-

1040 1326 1140 1377 luia,
1167 1326 1349 1376 alleluja.
1377 1331 1426 1379 R:-
1444 1325 1541 1366 Deo
1560 1325 1738 1375 gratias,
1762 1324 1861 1364 alle-

1040 1382 1136 1434 hija,
1156 1381 1337 1433 alleluja.

1093 1455 1155 1489 Sic
1181 1454 1321 1487 dicitur
1346 1453 1381 1485 ιιι
1401 1451 1583 1493 Vespcris
1610 1455 1643 1483 ct
1665 1450 1861 1482 Laudibus

1042 1508 1185 1535 tamtum
1212 1512 1331 1543 usque
1359 1499 1407 1532 ud
1427 1499 1616 1540 Vespera<
1643 1497 1797 1530 &abbati
1827 1497 1860 1528 in

1043 1550 1154 1583 Albis
1179 1548 1385 1582 exclusive.

1098 1606 1157 1638 Ad
1190 1605 1372 1639 Primam,
1409 1602 1591 1641 Tertium,
1622 1603 1789 1635 Sextum.
1829 1604 1862 1632 ct

1043 1649 1208 1688 Nonamss
1241 1657 1329 1694 post
1361 1650 1464 1683 Deus
1494 1647 1534 1681 in
1560 1646 1799 1690 adjuterium.
1829 1653 1862 1679 ct

1044 1697 1178 1734 L'ldria
1214 1696 1331 1731 Patri.
1372 1698 1549 1731 dicuntur
1591 1696 1732 1728 Psalmi
1779 1705 1863 1728 con-

1044 1748 1157 1785 sueti:
1192 1748 1241 1781 ·1d
1266 1747 1378 1780 P'rim
1372 1756 1430 1779 am
1460 1751 1585 1778 tamen
1615 1750 1653 1777 ut
1684 1743 1718 1775 in
1747 1743 1801 1775 fc
1794 1742 1863 1776 tis.

1044 1796 1191 1829 scilieet
1226 1795 1332 1828 Deus
1367 1791 1407 1825 in
1443 1789 1596 1825 nomine
1627 1793 1704 1824 tuo.
1758 1769 1865 1823 Beati

1044 1838 1289 1873 immaculati
1314 1847 1349 1875 et
1372 1838 1559 1874 Retribue.
1585 1839 1723 1881 quibus
1750 1837 1864 1870 finitis

1046 1891 1185 1924 dicitur
1205 1889 1360 1931 Χιιῖιρὴ.
1388 1888 1482 1921 Haec
1506 1884 1600 1919 dies.
1624 1897 1672 1928 po
1667 1892 1747 1919 »stcL
1750 1896 1757 1918 1
1776 1886 1826 1917 Οι
1829 1895 1863 1916 ιι-

1045 1939 1110 1979 tio,
1128 1948 1194 1980 qu.
1195 1948 1214 1970 e
1233 1937 1281 1970 ad
1299 1936 1327 1969 P
1330 1933 1464 1969 rimam
1483 1934 1631 1970 dicitur
1651 1937 1689 1966 ut
1708 1933 1744 1965 in
1762 1932 1791 1965 P
1795 1931 1865 1964 sal-

1046 1966 1153 2019 terio.
1200 1981 1363 2018 Demine
1393 1980 1499 2015 Deus
1533 1972 1784 2021 omnipotens.
1813 1976 1882 2010 25.-

1046 2029 1232 2066 Pretiosa.
1256 2041 1341 2065 cum
1365 2030 1541 2072 reliquis
1567 2033 1603 2063 ct
1628 2029 1676 2061 ad
1700 2026 1864 2060 Absolu-

1047 2080 1188 2114 tionem
1213 2080 1256 2113 C,
1248 2079 1393 2121 ¹‚1pituli
1419 2077 1547 2111 lectio
1569 2075 1697 2110 brevis
1723 2070 1766 2107 si
1781 2079 1868 2105 con-

1049 2122 1271 2158 surrexistis
1295 2132 1382 2157 eum
1403 2121 1568 2157 Christo.
1599 2128 1638 2157 ut
1663 2123 1698 2155 in
1723 2121 1752 2154 l
1756 2121 1865 2154 salte-

1048 2176 1115 2209 rio.
1139 2171 1193 2205 26.

1102 2232 1164 2265 Ad
1197 2232 1293 2265 alias
1327 2233 1452 2263 autem
1483 2228 1626 2268 Horas,
1660 2228 1747 2268 post
1777 2223 1864 2269 Ant.

1046 2279 1143 2312 Haec
1166 2273 1261 2308 dies·
1288 2277 1427 2311 dicitur
1447 2275 1577 2309 Oratio
1602 2283 1688 2316 quae
1712 2271 1867 2314 ponitur

1051 2326 1088 2359 in
1113 2326 1320 2359 Laudibus.

1281 2402 1360 2443 Ad
1380 2402 1640 2450 vesperas.

1104 2482 1189 2515 Aut.
1225 2479 1270 2511 dc
1300 2475 1512 2515 Laudibus,
1544 2472 1687 2505 Psalmi
1718 2472 1764 2505 de
1794 2471 1867 2504 Do-

1050 2528 1200 2562 minica.
1223 2517 1301 2553 107-

1102 2583 1148 2616 Et
1180 2582 1234 2614 sie
1271 2578 1409 2613 dicitur
1439 2585 1560 2617 usquc
1593 2574 1641 2607 ad
1675 2574 1867 2615 ‘Vespcras

1051 2629 1219 2664 Sabbati.

1102 2686 1242 2719 Postea
1267 2683 1353 2715 Ant.
1378 2677 1475 2711 Haec
1498 2672 1592 2708 dies.
