2028 2892
688 163 799 198 Fcria
825 165 994 199 secunda
1020 166 1070 200 ad
1092 166 1327 202 Matutinum.
1809 167 1853 202 43

258 256 514 307 Capitulum.
626 259 654 297 1.
670 258 782 299 Petr.
797 260 831 299 3.
849 260 886 300 d.

232 320 393 363 hristus
418 321 552 363 semel
578 334 660 375 pro
687 323 880 375 peccatis
906 337 980 365 no-

259 378 358 420 stris
390 380 589 420 mortuus
623 383 704 428 est,
735 380 871 430 justus
898 393 980 432 pro

155 433 335 485 injustis,
359 438 408 475 ut
431 447 512 476 nos
538 435 715 477 offerret
738 436 845 486 Deo,
868 449 980 478 mor-

155 490 345 532 tificatus
370 490 547 543 quidem
571 504 712 543 carne,
735 493 980 535 vivificatus

156 552 303 589 autem
331 547 496 600 spiritu.

209 605 259 657 R.
289 605 348 645 br.
389 603 540 645 Gavisi
574 608 674 645 sunt
707 604 924 658 discipuli,
959 611 979 633 *

156 658 358 712 Alleluja‚
387 660 568 713 alleluja.
607 661 756 702 Gavisi
784 668 894 704 sunt.
934 662 980 712 V

157 716 267 759 Viso
299 716 504 758 Domino.
558 717 763 770 AHeluja,
800 719 979 771 alleluja.

157 773 309 815 Gloria
326 774 456 815 Patri.
485 774 635 816 Gavisi
654 780 764 816 sunt.

208 824 259 877 Yl.
283 830 412 872 Mane
440 830 668 873 nobiscum
695 831 893 882 Domine,
922 832 979 873 al-

155 886 293 938 leluja.
326 890 372 941 Rg.
400 887 615 938 Quoniam
644 887 978 940 advesperascit,

154 942 335 995 alleluja.

205 1002 376 1037 Oremus.
423 1004 555 1039 Oratio
581 1007 823 1040 convenicus.

358 1075 649 1102 —4-08450-4·

152 1148 299 1189 Feria
326 1149 545 1191 secunda
571 1149 636 1191 ad
660 1150 976 1192 matutinum.

204 1210 334 1252 Pater
353 1215 513 1253 noster.
541 1212 633 1253 Ave
652 1212 800 1253 Maria.
822 1212 978 1254 Credo.

204 1261 255 1314 V.
274 1267 462 1310 Domine
479 1267 595 1310 labia
612 1281 710 1310 mea
729 1269 909 1322 aperies.
932 1275 978 1310 ut

152 1335 293 1374 supra.
322 1325 353 1365 1.

202 1379 252 1419 In
274 1379 490 1430 Quadrag.
516 1381 639 1421 Invit.
665 1380 831 1432 Venite,
856 1382 877 1404 *
893 1382 976 1423 Ex-

151 1435 362 1478 sultemus
384 1437 586 1479 Domino.

203 1495 271 1535 Ps.
299 1493 539 1535 Jubilemus
564 1494 661 1536 Deo
696 1495 874 1536 salutari
902 1508 975 1536 no-

150 1552 255 1590 stro.
283 1555 331 1591 ut
351 1563 493 1602 supra.
519 1551 557 1591 2.

201 1607 273 1659 Hy
276 1620 359 1647 mn.
387 1607 458 1647 Ex
475 1620 598 1649 more
618 1607 748 1649 docti.
771 1613 817 1649 ut
843 1622 974 1661 supra

149 1660 193 1701 in
212 1662 383 1702 Domin.
403 1664 441 1704 2.

201 1718 422 1770 Tempore
457 1719 671 1760 Paschali.
702 1719 824 1759 Invit.
859 1721 974 1762 Alle-

150 1774 246 1828 luia,
265 1775 447 1828 alleluja,
467 1775 490 1799 *
509 1776 706 1829 Alleluja.

202 1830 270 1870 Ps.
305 1832 479 1883 Venite,
507 1833 784 1875 exsultemus.
811 1834 848 1874 2.

201 1887 273 1939 Η5
275 1901 358 1928 mn.
377 1889 473 1931 Rex
488 1890 764 1943 sempiterne.
781 1895 827 1929 ut
844 1902 972 1940 supra

149 1941 191 1981 in
211 1943 383 1983 Domin.
405 1946 441 1986 3.

199 2007 287 2042 Ant
305 2008 510 2052 Noct.p01
533 2014 653 2043 totum
671 2008 823 2042 Annum
844 2007 973 2041 dicun-

149 2059 210 2090 tur
233 2059 273 2090 ut
298 2056 406 2091 infra.

201 2108 299 2149 Ant.
328 2108 542 2152 Dominus
569 2088 782 2152 defensor.

200 2179 389 2223 Tempore
417 2180 551 2214 1¹·1seh.
578 2180 663 2213 Ant.
688 2179 867 2221 Alleluia.
894 2178 971 2213 Sub

150 2238 224 2270 qua
262 2239 335 2262 una
371 2228 594 2271 Antiphonti
629 2227 807 2261 dicuntur
839 2238 970 2261 omncs

148 2275 292 2310 Psalmi
318 2277 611 2311 Nocturnorum.

419 2334 615 2375 psalmus
635 2335 700 2374 ⁹6.

228 2395 447 2444 ominus
483 2394 739 2436 illuminatio
774 2407 890 2444 mea,
928 2399 971 2436 et

160 2461 161 2465 ’
188 2453 249 2500 μ’·
246 2464 247 2472 ’
267 2444 271 2493 ἶ
295 2450 411 2493 salus
429 2452 578 2501 mea‚*
599 2463 728 2503 quem
746 2449 936 2493 timebo?

157 2514 162 2534 ἑ
199 2533 206 2534 ἡ
216 2502 271 2535 <5—
346 2508 559 2549 Dominus
603 2509 828 2559 protector
868 2506 969 2548 vitae

147 2575 268 2613 meae,
287 2564 310 2589 *
330 2576 356 2605 a
377 2576 463 2615 quo
481 2562 741 2616 trepidabo?

198 2618 315 2660 Dum
346 2620 609 2672 appropiant
636 2632 768 2671 super
798 2631 867 2660 me
894 2631 968 2660 no-

148 2676 306 2725 centes,
325 2676 348 2701 *
367 2681 415 2717 ut
434 2675 565 2718 edant
584 2688 735 2717 carnes
754 2687 892 2716 meas:

1084 261 1167 311 Qui
1194 261 1401 304 tribulant
1426 275 1496 304 me
1522 262 1682 304 inimici
1705 264 1800 314 mei,
1828 265 1851 291 *

1031 317 1115 370 ipsi
1133 317 1337 359 infirmati
1356 324 1464 368 sunt,
1484 324 1527 361 et
1546 319 1805 362 ceciderunt.

1082 378 1127 420 Si
1159 381 1398 420 consistant
1430 379 1659 421 adversum
1683 393 1752 422 me
1785 394 1850 423 ca-

1031 438 1131 484 stra,
1150 435 1173 460 *
1191 447 1278 476 non
1297 434 1466 477 timebit
1485 448 1560 477 cor
1579 448 1733 477 meum.

1082 495 1126 536 Si
1155 499 1360 546 exsurgat
1387 495 1618 537 adversum
1646 510 1715 538 me
1741 500 1850 550 prae—

1030 550 1144 601 lium,
1163 552 1187 577 *
1206 551 1249 592 in
1268 551 1352 593 hoc
1372 565 1454 603 ego
1474 552 1672 605 sperabo.

1082 612 1223 653 Unam
1250 613 1355 665 petii
1382 626 1407 654 a
1430 613 1629 663 Domino,
1658 613 1767 655 hanc
1786 626 1848 656 re-

1032 670 1218 720 quiram⁷
1246 669 1269 694 *
1296 674 1344 710 ut
1371 668 1607 710 inhabitem
1642 669 1686 710 in
1718 669 1848 711 domo

1029 724 1205 765 Domini
1225 724 1423 766 omnibus
1443 725 1595 766 diebus
1610 725 1711 767 vitae
1726 739 1848 767 meae:

1080 785 1140 826 Ut
1167 784 1339 826 videam
1367 785 1638 838 voluptatem
1665 786 1849 835 Domini,

1029 842 1053 866 *
1073 846 1116 882 et
1134 841 1306 883 visitem
1324 841 1534 894 templum
1555 842 1653 893 ejus

1082 901 1294 952 Quoniam
1314 901 1542 943 abscondit
1560 915 1629 943 me
1648 902 1691 942 in
1710 901 1848 944 taber-

1028 957 1185 999 naculo
1208 971 1305 999 suo:
1319 958 1342 983 *
1361 958 1404 998 in
1426 957 1496 999 die
1520 957 1732 999 malorum
1750 971 1847 1010 pro-

1028 1015 1136 1056 texit
1171 1027 1241 1056 me
1277 1014 1320 1055 in
1356 1014 1612 1056 abscondito
1651 1014 1847 1056 taberna-

1029 1067 1114 1108 culi
1141 1067 1218 1108 sui.

1079 1128 1130 1167 In
1148 1132 1274 1180 petra
1293 1127 1499 1169 exaltavit
1516 1140 1600 1168 me:
1626 1127 1649 1152 *
1675 1132 1718 1169 et
1736 1140 1848 1168 nunc

1029 1183 1236 1225 exaltavit
1255 1188 1385 1236 caput
1402 1196 1547 1224 meum
1566 1196 1696 1236 super
1715 1183 1847 1224 inimi-

1029 1252 1104 1281 cos
1123 1252 1256 1281 meos.

1081 1300 1278 1350 Circuivi,
1299 1305 1342 1342 et
1357 1299 1578 1341 immolavi
1593 1300 1635 1340 in
1651 1299 1846 1341 taberna-

1028 1356 1126 1397 culo
1147 1357 1236 1408 ejus
1255 1356 1441 1398 hostiam
1459 1356 1796 1397 vociferationis:
1823 1357 1846 1381 *

1027 1412 1231 1462 cantabo,
1269 1417 1312 1454 et
1343 1412 1557 1465 psalmum
1589 1411 1729 1453 dicam
1759 1412 1845 1453 Do-

1026 1469 1154 1510 mino.

1077 1528 1248 1570 Exaudi
1284 1529 1470 1570 Domine
1506 1541 1659 1570 vocem
1693 1541 1843 1578 meam,

1028 1598 1113 1638 qua
1132 1584 1316 1627 clamavi
1333 1585 1389 1627 ad
1407 1590 1470 1628 te:
1488 1585 1511 1611 *
1530 1585 1735 1627 miserere
1749 1585 1843 1635 mei,

1027 1646 1070 1683 et
1090 1641 1248 1683 exaudi
1265 1654 1346 1683 me.

1077 1701 1177 1743 Tibi
1196 1701 1304 1744 dixit
1328 1715 1403 1744 cor
1429 1714 1587 1751 meum,
1615 1701 1845 1753 exquisivit

1025 1762 1070 1800 te
1088 1758 1221 1799 facies
1243 1770 1358 1800 mea:
1385 1758 1409 1783 *
1435 1757 1590 1799 faciem
1612 1762 1730 1799 tuam
1757 1757 1842 1798 Do-

1025 1814 1140 1856 mine
1167 1816 1396 1866 requiram.

1075 1874 1144 1916 Ne
1163 1876 1333 1916 avertas
1352 1875 1507 1916 faciem
1525 1879 1643 1916 tuam
1661 1886 1687 1915 a
1704 1886 1791 1915 me:
1818 1873 1842 1899 *

1024 1943 1078 1972 ne
1098 1930 1288 1972 declines
1307 1931 1350 1971 in
1368 1931 1432 1972 ira
1450 1943 1476 1972 a
1495 1943 1622 1972 servo
1641 1934 1728 1972 tuo.

1075 1989 1262 2042 Adjutor
1279 2003 1400 2032 meus
1421 1994 1530 2032 esto:
1548 1990 1572 2016 *
1589 2002 1643 2031 ne
1662 1988 1840 2031 derelin-

1026 2059 1133 2099 quas
1152 2059 1232 2097 me,
1251 2059 1392 2099 neque
1409 2046 1621 2099 despicias
1639 2057 1708 2087 me
1721 2045 1839 2085 Deus

1024 2102 1224 2144 salutaris
1242 2115 1375 2144 meus

1075 2163 1288 2213 Quoniam
1314 2167 1439 2215 pater
1466 2175 1601 2212 meus,
1633 2165 1676 2203 et
1702 2165 1840 2201 mater

1023 2231 1121 2260 mea
1139 2218 1462 2271 dereliquerunt
1483 2230 1570 2260 me:
1587 2218 1610 2243 *
1628 2216 1838 2258 Dominus

1023 2280 1168 2316 autem
1194 2275 1427 2327 assumpsit
1444 2287 1524 2315 me.

1065 2335 1228 2386 Legem
1245 2347 1360 2387 pone
1383 2333 1486 2374 mihi
1502 2331 1688 2374 Domine
1708 2331 1751 2372 in
1770 2331 1837 2373 via

1021 2396 1114 2433 tua:
1133 2392 1156 2416 *
1177 2396 1220 2432 et
1239 2390 1376 2440 dirige
1401 2401 1470 2430 me
1493 2388 1536 2429 in
1560 2388 1757 2429 semitam
1774 2400 1836 2429 re-

1023 2452 1137 2488 ctam
1150 2452 1331 2499 propter
1349 2445 1543 2485 inimicos
1563 2456 1695 2485 meos.

1072 2507 1140 2548 Ne
1167 2505 1397 2548 tradideris
1425 2517 1494 2546 me
1521 2504 1564 2545 in
1583 2504 1745 2545 animas
1764 2504 1835 2545 tri-

1020 2563 1260 2605 bulantium
1290 2573 1380 2602 me:
1413 2560 1436 2586 *
1470 2560 1672 2612 quoniam
1702 2560 1835 2601 insur-

1021 2621 1224 2660 rexerunt
1263 2617 1305 2657 in
1346 2628 1416 2657 me
1451 2621 1585 2658 testes
1597 2616 1728 2667 iniqui
1740 2647 1749 2664 ,
1793 2621 1835 2657 et

1019 2676 1197 2716 mentita
1218 2677 1283 2713 est
1300 2671 1501 2724 iniquitas
1520 2671 1611 2713 sibi.
