2066 2956
220 306 262 346 in
290 305 401 345 festo
426 301 714 343 sanctissimae
732 299 958 340 Trinitatis
978 311 1049 339 an-

220 373 276 402 no
311 358 543 400 millesimo
581 356 943 406 octingentesimo
976 355 1048 396 tri-

220 417 385 468 gesimo
410 427 527 455 nono
552 414 596 454 in
623 414 876 454 sanctorum
902 411 1050 453 album

220 470 532 513 adnumeravit.

276 529 322 578 Ra
348 528 438 568 Iste
458 526 602 567 homo.
622 525 706 577 [89]

277 594 314 626 ln
341 594 400 626 ΙΙΙ.
424 593 622 625 Noenu-no
649 592 815 625 nomilia
844 592 877 624 in
905 592 1046 631 Ex'ang.

224 641 305 675 Sint
321 640 452 675 lumbi.
472 641 517 673 dc
537 640 670 673 widem
690 642 794 673 (lom,
819 641 841 672 l.
861 640 955 672 loco.
978 636 1049 679 [91]

487 725 570 766 Die
591 726 649 765 13.
670 724 781 775 Maji.

294 794 337 834 S.
358 793 620 843 Peregrini
642 791 834 833 Latiosi
859 792 949 829 (jon
958 790 978 828 f.

556 854 715 896 Duplex.

275 910 408 942 (minin
443 910 487 942 dt·
519 911 661 944 (mmm.
694 911 800 943 (lons.
834 921 909 943 non
942 910 1047 943 l'ont.

223 960 294 1003 [84]
324 965 461 999 practer
488 969 591 1000 sequ.
618 958 677 999 (m.
702 961 726 991 t.
749 957 798 998 v.)

556 1011 719 1049 Oratio.

221 1059 404 1163 Deus,
438 1066 511 1118 qui
539 1066 671 1107 beato
699 1067 937 1117 Peregrino
963 1065 1049 1105 An-

330 1123 474 1172 gelum
521 1123 742 1170 comitem,
796 1124 1050 1171 magistram

224 1180 476 1231 Desparam,
495 1179 518 1219 J
522 1191 644 1220 esum
664 1178 766 1219 tetri
786 1178 945 1219 ulceris
965 1179 1050 1218 me-

224 1235 369 1277 dicum
388 1235 495 1276 mire
515 1234 692 1276 dedisti:
717 1234 774 1275 da
797 1246 877 1286 per
895 1233 1051 1274 merita

221 1292 369 1344 ipsius,
386 1290 683 1340 obsecramus3
700 1295 747 1332 ut
763 1294 961 1331 sanctum
971 1289 1052 1329 An-

219 1347 383 1398 gelum,
406 1347 650 1398 Virginem,
676 1346 948 1387 Salvat6rem
969 1345 1050 1385 sin-

219 1403 427 1454 gulariter
446 1405 640 1444 amemus
660 1403 703 1443 in
722 1403 865 1452 terris,
895 1406 938 1442 et
963 1400 1049 1442 col-

221 1459 446 1500 laudemus
479 1459 522 1499 in
554 1459 688 1500 coelis.
730 1459 813 1499 Per
846 1457 1050 1499 eumdem

219 1511 458 1556 Dominum
476 1520 686 1556 nostrum.

275 1573 314 1605 In
351 1574 373 1606 I.
404 1574 602 1607 Not-turno
636 1574 838 1608 Lectiones
873 1574 918 1608 dc
951 1575 1049 1609 Scri-

223 1626 331 1661 ptura
358 1627 589 1654 occurrente.

445 1686 492 1723 In
521 1686 570 1723 Π.
599 1686 821 1725 Nocturuo.

528 1750 677 1790 Lectio
700 1751 750 1789 iv.

224 1820 557 1871 13eregrinus
586 1817 797 1858 Forolivii
831 1830 886 1858 ex
914 1815 1050 1857 nobili

267 1900 299 1904 -
312 1870 326 1924 ξ’
351 1873 630 1914 Latioserum
641 1873 803 1914 familia
814 1877 947 1921 ortus
963 1885 1051 1912 san-

226 1928 239 1954 ἓ
264 1935 279 1954 '·
308 1926 324 1954 ‘³
352 1929 557 1971 ctissimae
572 1930 741 1980 Virgini
755 1929 962 1981 Deiparae
977 1927 1049 1969 de-

222 1988 350 2026 vetus
380 1985 570 2037 quadam
599 1985 670 2027 die
697 1986 742 2025 in
770 1984 955 2027 eeclesia
982 1997 1049 2025 ca-

221 2041 410 2082 thedrali
434 2046 534 2083 ante
559 2042 674 2082 illius
698 2042 932 2093 imaginem
958 2039 1049 2082 diu-

221 2098 306 2139 tius
331 2110 462 2139 orans
488 2103 531 2139 et
555 2103 729 2150 petenS,
757 2103 805 2139 ut
829 2098 923 2138 vias
948 2110 1050 2138 suas

224 2152 444 2205 dirigeret,
485 2166 581 2195 eam
613 2154 820 2206 pretiesis
852 2153 1050 2195 vestibus

223 2209 419 2251 indutam
438 2209 537 2259 sibi,
559 2215 607 2251 ut
632 2210 689 2251 ad
708 2223 859 2251 servos
880 2223 982 2251 suos
1003 2222 1050 2251 se

223 2265 451 2314 conferret,
498 2266 828 2318 praecipientem
875 2266 1051 2310 audivit.

224 2321 367 2370 Quare
390 2321 665 2370 adolescens,
692 2323 864 2373 Angelo
889 2322 1050 2363 cemite

223 2377 358 2418 Senas
382 2377 622 2429 profectus,
648 2379 790 2420 Priori
815 2379 1051 2420 Servorum

225 2432 437 2473 visienem
478 2434 820 2486 mandatumque
857 2434 1050 2484 Virginis

226 2489 442 2539 expesuit‚
475 2501 526 2529 ac
558 2490 692 2542 recipi
724 2490 945 2531 humiliter
973 2502 1048 2542 po-

224 2543 410 2585 stulavit.
451 2545 500 2585 In
533 2546 783 2598 receptione
813 2545 1048 2599 splendere

226 2598 416 2650 quodam
445 2601 629 2649 coelesti,
666 2615 754 2653 quo
783 2603 927 2644 futura
955 2605 1050 2643 san-

225 2655 352 2696 etitas
370 2656 459 2706 ejus
472 2658 903 2707 praemonstrabatur,
919 2663 1051 2710 caput

224 2711 339 2751 illius
365 2710 658 2753 circumfulsit.
690 2713 887 2764 Triginta
913 2726 1051 2755 annos

626 203 692 235 Dit-
724 204 768 235 1:⁴3.
798 203 895 240 Maii.
945 202 980 235 S.
1011 202 1203 241 Peregrini
1231 202 1377 236 Lutiosi
1405 204 1512 235 (lons.

1102 303 1230 339 natus
1271 297 1543 339 Forolivium
1587 299 1812 345 remissus,
1857 296 1933 337 ubi

1103 353 1177 395 diu
1196 353 1433 404 lab6ribus,
1454 354 1623 405 vigiliis,
1643 353 1819 405 jejuniis,
1839 364 1933 394 ora-

1101 410 1294 452 tiombus
1339 411 1578 452 exercitam
1619 410 1753 451 vitam
1799 408 1935 450 duxit.

1103 467 1355 519 Numquam
1379 465 1669 517 (miranduml)
1693 478 1773 518 per
1796 477 1934 506 annos

1102 524 1280 575 triginta
1299 523 1455 565 sedere
1475 523 1611 572 visus,
1635 528 1680 564 at
1699 522 1735 563 si
1757 521 1934 574 quando

1103 592 1259 621 somno
1281 586 1356 622 aut
1378 578 1636 620 lassitudine
1655 579 1797 620 victus
1817 583 1936 619 stare

1102 649 1188 677 non
1211 642 1383 688 posset,
1411 648 1520 676 saxo
1546 647 1629 688 pro
1653 633 1759 676 sede
1784 633 1934 675 uteba·

1102 698 1184 734 tur.
1220 692 1472 744 Numquam
1494 692 1539 732 in
1563 691 1679 733 lecto
1705 703 1849 742 neque
1873 690 1935 730 in·

1102 749 1254 790 firmus
1266 748 1485 798 decubuit,
1505 753 1660 790 noctes
1674 747 1765 789 fere
1782 759 1934 788 omnes

1103 806 1326 847 insomnes
1345 806 1389 846 in
1409 804 1681 847 orationibus
1701 809 1745 845 et
1758 803 1842 856 piis
1856 815 1937 844 me-

1103 861 1392 904 ditationibus
1419 862 1582 903 ducere
1603 860 1770 902 salitus.
1803 858 1936 900 Nulla

1105 918 1175 960 die
1201 918 1484 959 conscientiae
1510 917 1710 959 examine
1730 922 1774 958 et
1793 928 1934 957 sacra-

1103 975 1283 1016 mentali
1317 974 1593 1016 confessione
1625 971 1936 1026 praetermissis

1103 1034 1288 1083 peccata
1320 1031 1511 1073 lacrimis
1547 1030 1679 1072 etiam
1712 1027 1936 1071 exteriori—

1103 1087 1186 1128 bus
1206 1087 1411 1135 deflebat.

1160 1144 1209 1194 Rg.
1234 1144 1482 1185 Honestum
1511 1143 1613 1184 fecit
1639 1142 1762 1183 illum
1786 1141 1936 1183 Demi-

1102 1213 1196 1250 nus,
1220 1205 1264 1241 et
1283 1199 1524 1241 custodivit
1544 1212 1645 1240 eum
1664 1198 1720 1239 ab
1740 1197 1936 1246 inimicis,

1104 1261 1147 1297 et
1173 1269 1198 1296 a
1226 1255 1536 1298 seductoribus
1563 1255 1724 1296 tutavit
1750 1254 1887 1295 illum:
1913 1252 1934 1275 *

1103 1312 1160 1353 Et
1189 1311 1311 1353 dedit
1342 1312 1404 1353 illi
1437 1312 1683 1353 claritatem
1715 1312 1938 1358 aeternam,

1104 1368 1287 1420 alleluja.
1321 1361 1371 1413 Y.
1390 1368 1415 1409 J
1419 1373 1565 1409 ustum
1584 1366 1769 1409 deduxit
1787 1366 1937 1408 Domi-

1102 1437 1184 1465 nus
1201 1437 1280 1476 per
1301 1424 1395 1465 vias
1414 1429 1575 1474 rectas,
1602 1428 1646 1465 et
1664 1421 1857 1465 ostendit
1875 1421 1938 1463 illi

1103 1493 1286 1531 regnum
1304 1480 1400 1522 Dei.
1427 1480 1485 1522 Et
1506 1479 1642 1522 dedit.

1416 1535 1568 1576 Lectio
1589 1548 1627 1575 v.

1184 1591 1407 1634 dmirabili
1438 1593 1520 1634 fuit
1553 1592 1777 1645 patientia.
1822 1591 1937 1632 Nam

1207 1662 1308 1690 cum
1332 1662 1434 1690 crus
1458 1662 1513 1690 ex
1533 1649 1680 1691 cancri
1698 1647 1858 1690 morbo
1876 1647 1938 1688 in-

1102 1707 1352 1755 tumuisset,
1390 1710 1523 1757 atque
1556 1704 1789 1758 putredine
1822 1702 1936 1746 adeo

1104 1766 1221 1803 esset
1243 1761 1472 1811 infectum,
1499 1766 1548 1802 ut
1571 1761 1778 1803 foetorem
1801 1760 1936 1802 omni-
1991 1755 2004 1766 ³

1102 1817 1186 1859 bus
1208 1817 1405 1864 inferret,
1434 1817 1497 1858 sic
1524 1821 1672 1858 tamen
1697 1816 1866 1868 absque
1893 1829 1937 1858 o-

1103 1874 1191 1914 mni
1230 1873 1505 1925 querim6nia
1541 1886 1718 1926 semper
1754 1873 1850 1922 fuit,
1888 1877 1938 1914 ut

1104 1930 1223 1970 cives
1254 1929 1376 1971 illum
1409 1929 1596 1971 alterum
1627 1930 1651 1970 J
1653 1929 1711 1971 ob
1744 1928 1936 1982 appella-

1103 1991 1211 2027 rent.
1250 1986 1359 2027 Cum
1384 1990 1531 2027 autem
1555 1998 1657 2027 crus
1677 1984 1786 2027 illud
1803 1985 1938 2026 medi-

1104 2044 1256 2083 corum
1272 2042 1458 2091 consilio
1474 2041 1793 2095 amputandum
1808 2046 1937 2091 esset,

1103 2098 1368 2149 Peregrinus
1396 2103 1528 2140 nocte
1559 2097 1842 2151 praecedente
1870 2110 1937 2139 so-

1104 2154 1171 2195 lus
1188 2167 1242 2196 ex
1256 2155 1370 2204 loco,
1389 2155 1432 2196 in
1449 2168 1537 2207 quo
1553 2154 1734 2207 iacebat,
1754 2166 1937 2206 surgens

1105 2216 1148 2252 et
1175 2216 1371 2263 reptans,
1402 2216 1451 2253 ut
1479 2213 1671 2264 peterat,
1703 2211 1747 2252 in
1773 2213 1938 2263 capitu-

1104 2266 1194 2308 lum
1232 2268 1371 2317 venit,
1413 2267 1562 2320 ibique
1601 2272 1703 2309 ante
1740 2266 1939 2308 crucifixi

1104 2323 1338 2373 imaginem
1370 2324 1487 2375 (quae
1519 2322 1664 2365 adhuc
1697 2327 1861 2372 manet,
1894 2327 1939 2364 et

1104 2391 1306 2429 magnam
1344 2379 1479 2421 habet
1514 2378 1634 2432 apud
1669 2378 1936 2420 Forolivien-

1105 2447 1175 2476 ses
1232 2435 1574 2484 venerationem)
1637 2434 1938 2476 vehementius

1105 2503 1237 2532 orans
1265 2496 1308 2533 et
1336 2491 1686 2540 obdormiscens,
1715 2489 1938 2531 Christum

1105 2547 1160 2588 de
1195 2559 1326 2589 cruce
1360 2546 1720 2596 descendentem,
1760 2550 1804 2587 et
1837 2558 1937 2587 crus

1104 2605 1355 2653 tangentem
1398 2602 1519 2644 vidit.
1587 2601 1937 2654 Expergefactus

1105 2659 1165 2699 ita
1186 2671 1285 2700 crus
1306 2661 1508 2700 sanatum
1525 2658 1671 2707 sensit,
1691 2670 1743 2699 ac
1760 2658 1795 2698 si
1815 2670 1935 2698 num-

1107 2727 1238 2766 quam
1256 2714 1490 2764 tumidum,
1515 2714 1776 2763 ulceratum,
1801 2713 1936 2766 putri-
