2066 2956
629 232 745 267 Festa
769 234 970 269 Februarii
993 235 1026 277 (5

386 327 436 367 In
462 327 533 367 111.
560 327 783 369 Nocturno.

173 390 326 432 Lectio
342 389 491 435 sancti
508 389 736 442 Evangelii
759 392 999 433 seeundum

453 446 723 488 Matthaeum.

249 505 401 548 Lectio
421 507 489 547 vii.
743 507 846 558 Cap.
865 508 920 547 16.

171 563 248 671 In
264 567 340 609 illo
360 569 577 621 tempore:
595 568 716 609 Dixit
732 568 755 608 J
759 581 859 609 esus
875 567 998 610 disci-

235 624 351 677 pulis
375 624 482 665 suis:
509 625 554 667 Si
578 624 676 677 quis
696 624 789 666 vult
808 629 912 678 post
929 638 999 666 me

172 683 332 731 venire,
347 679 535 731 abneget
550 682 846 733 semetipsum,
862 686 906 722 et
919 681 999 722 tol-

171 738 234 779 lat
257 750 431 779 crucem
455 750 594 787 suam,
621 743 664 779 et
688 740 896 790 sequatur
919 750 999 778 me.

172 794 229 836 Et
247 793 426 846 reliqua.

289 871 479 913 Homilia
508 873 648 914 sancti
675 872 888 914 Bernardi

454 936 457 937 ’
487 928 687 970 Abbatis.

219 994 263 1028 In
277 994 363 1038 Vig.
382 997 419 1028 et
435 993 474 1027 in
495 993 556 1027 die
574 993 609 1028 S.
627 993 796 1027 Andreae
812 994 949 1036 Apost.

180 1075 183 1109 3
317 1052 442 1098 erito
480 1052 621 1093 crucis
656 1053 896 1093 amatotem
930 1063 999 1092 ve-

180 1099 220 1166 ³³2
247 1105 288 1161 ’ἲς
347 1111 570 1158 nerantur,
604 1109 868 1161 quietimque
900 1112 1001 1148 sunt

274 1162 275 1165 ’
318 1164 320 1169 ’
348 1165 465 1207 servi
483 1165 642 1215 erucis3
662 1164 741 1206 sed
761 1164 815 1206 ab
831 1164 899 1205 his
915 1177 1000 1205 am-

172 1221 359 1275 pliorem
401 1223 492 1274 jure
535 1221 817 1263 devoti6nem
858 1220 1001 1272 exigit,

175 1279 250 1330 qui
271 1279 504 1332 specialius
528 1279 856 1331 proposuerunt
877 1277 1000 1319 tolle·

174 1348 221 1377 re
241 1348 417 1377 crucem
440 1348 574 1376 suam.
606 1334 749 1377 Vobis
767 1334 863 1376 haee
883 1339 927 1376 et
946 1335 1001 1378 de

174 1391 301 1435 vobis
333 1391 451 1443 dico,
487 1392 644 1434 fratres
676 1392 776 1441 mei,
810 1393 885 1445 qui
915 1406 1002 1434 non

174 1447 307 1491 surda
334 1461 438 1491 aure
464 1448 649 1491 audistis
675 1449 794 1490 illam
819 1452 1001 1501 evange—

173 1506 303 1547 licam
325 1505 492 1547 tubam:
519 1506 603 1556 Qui
621 1518 708 1546 non
727 1505 891 1558 bajulat
910 1520 1001 1548 cru-

175 1575 270 1604 cem
289 1575 414 1604 suam
433 1566 477 1604 et
493 1561 689 1614 sequitur
702 1575 783 1611 me,
803 1575 891 1604 non
906 1568 1001 1616 pot-

174 1623 242 1661 est
271 1631 395 1661 meus
428 1631 526 1661 esse
557 1618 810 1672 discipulus.
854 1620 1003 1661 Parati

175 1678 336 1724 estote,
381 1681 522 1718 totam
563 1675 695 1717 animi
736 1675 1003 1727 diligentiam

174 1731 275 1774 huic
298 1731 506 1774 adhibete
532 1731 814 1782 solemnitati,
843 1738 886 1774 et
910 1746 1002 1775 cor-

175 1788 231 1830 de
250 1801 410 1840 magno
427 1788 649 1831 celebrate
668 1800 781 1830 eam:
802 1790 903 1841 quia
916 1803 1002 1831 ma-

174 1858 285 1897 gnus
305 1848 482 1888 omnino
503 1844 816 1888 consolati6nis
830 1846 1002 1888 thesan-

174 1915 249 1943 rus
277 1902 499 1956 repositus
532 1908 600 1945 est
630 1903 674 1944 in
703 1916 771 1952 ea,
806 1903 842 1944 si
874 1903 1004 1945 fuerit

176 1959 251 2011 qui
277 1958 417 2001 fodiat
444 1963 489 2001 et
516 1961 747 2002 scrutetur.

226 2014 277 2065 R:-
306 2015 480 2057 Corona
499 2019 642 2058 aarea.

463 2081 614 2122 Lectio
634 2080 716 2120 viii.

175 2138 341 2247 Certe
357 2147 400 2184 et
414 2155 522 2184 crux
536 2142 731 2195 pretiosa
745 2147 823 2191 est,
838 2146 882 2183 et
897 2154 1003 2183 crux

271 2199 408 2240 amari
421 2204 581 2252 potest,
600 2203 644 2241 et
658 2211 764 2240 crux
782 2198 916 2240 habet
932 2210 1002 2239 ex-

176 2255 467 2298 sultationem.
503 2256 571 2297 Ita
596 2259 672 2297 est.
705 2255 750 2297 Si
774 2255 904 2296 fuerit
929 2255 1003 2307 qui

139 2314 146 2322 “
177 2311 354 2363 colligat
379 2324 553 2365 semper
576 2311 740 2363 lignum
764 2311 919 2360 erucis,
943 2311 1002 2352 vi-

175 2373 266 2409 tam
291 2368 522 2419 germinat,
551 2367 784 2410 fruetificat
811 2366 1001 2420 jucundi-

174 2426 322 2474 tatem,
347 2424 492 2466 oleum
509 2424 675 2467 laetitiae
695 2424 840 2474 stillat,
863 2423 1002 2466 balsa-

175 2495 294 2522 mum
312 2480 442 2523 sudat
462 2481 752 2534 spiritualium
772 2480 1001 2521 charisma-

175 2542 278 2579 tum.
318 2538 421 2579 Non
449 2542 515 2579 est
543 2537 755 2579 silvestris
783 2536 929 2586 arbor,
955 2536 1001 2576 li-

175 2607 308 2645 gnum
338 2594 441 2636 vitae
473 2599 540 2636 est
571 2591 1002 2647 apprehendentibus

178 2662 283 2691 eam.
316 2650 464 2692 Arbor
482 2650 715 2699 fructifera,
741 2649 872 2691 arbor
891 2649 1000 2690 salu-

175 2706 302 2747 tifera
329 2712 411 2749 est:
442 2706 634 2758 alioquin
663 2704 886 2758 quomodo
913 2705 1002 2746 Do-

176 2762 281 2803 mini
301 2775 398 2805 eam
412 2765 651 2816 occuparet
665 2759 849 2805 terram?
877 2761 1002 2803 Illam

280 2906 370 2938 Propr.
381 2906 463 2931 Dioee.
471 2906 557 2931 Amet.
572 2906 601 2930 P.
610 2907 703 2932 Verna.

1028 263 1034 269 .
1062 235 1123 279 13.)
1148 239 1183 270 et
1207 236 1343 271 Martii.
1368 237 1422 277 (ἦ.)
1817 240 1875 276 '5¹⁸=

1051 332 1152 375 dico
1180 334 1539 386 pretiosissimam
1563 335 1747 386 glebam,
1776 350 1875 389 quae

1052 389 1275 432 clavorum
1302 395 1369 432 est
1395 390 1527 432 infixa
1555 390 1784 434 radicibus.

1107 448 1157 500 R.
1181 446 1264 488 Hic
1284 451 1350 488 est
1369 460 1471 488 vere
1490 447 1665 499 Martyr.

1355 518 1503 559 Lectio
1525 519 1576 559 ix.

1150 590 1199 618 os
1220 590 1318 618 eum
1331 577 1462 619 beato
1477 577 1682 631 Philippo
1697 581 1876 620 necesse

1180 633 1390 675 habemus
1418 633 1572 675 t611ere
1601 647 1774 676 crucem
1801 648 1874 677 no—

1053 695 1197 740 stram,
1220 691 1308 732 imo
1334 703 1432 732 eum
1456 703 1520 740 eo,
1545 703 1674 743 quem
1697 692 1791 744 ipse
1812 705 1873 733 se-

1053 750 1180 788 cutus
1200 752 1278 796 est,
1297 747 1486 788 Domino
1504 747 1740 789 Salvatore.
1768 747 1876 789 Inde

1053 804 1168 845 enim
1196 804 1258 844 sic
1285 802 1533 854 laetabatur,
1561 803 1661 845 inde
1691 804 1875 846 exsulta-

1052 859 1143 908 bat,
1170 859 1290 912 quod
1313 873 1401 901 non
1425 859 1567 901 solum
1591 873 1673 912 pro
1701 873 1770 909 eo,
1798 860 1877 902 sed

1054 916 1183 958 etiam
1216 930 1313 958 eum
1342 930 1394 958 eo
1423 917 1534 957 mori
1565 916 1801 966 videretur,
1834 922 1877 958 et

1054 973 1341 1026 complantari
1399 973 1670 1015 similitadini
1723 974 1877 1014 mortis

1054 1031 1159 1081 ejuS,
1193 1035 1240 1071 ut
1268 1030 1540 1082 compatiens
1569 1030 1698 1071 etiam
1726 1042 1876 1071 conre-

1053 1089 1216 1137 gnaret.
1251 1087 1360 1128 Cum
1386 1099 1473 1139 quo
1498 1092 1545 1128 ut
1564 1086 1692 1127 simul
1711 1086 1875 1128 crucifi-

1053 1145 1205 1193 gamur
1241 1148 1285 1184 et
1318 1155 1416 1193 nOS,
1460 1142 1665 1184 attentius
1702 1142 1877 1184 aaribu‘s

1055 1198 1201 1241 cordis
1234 1198 1459 1241 audiamus
1491 1212 1646 1241 vocem
1680 1198 1879 1240 dicentis:

1054 1257 1137 1307 Qui
1162 1257 1254 1299 vult
1278 1259 1424 1298 venire
1450 1262 1552 1310 post
1577 1269 1662 1306 me,
1691 1255 1878 1306 abneget

1055 1316 1349 1367 semetipsum,
1365 1318 1408 1355 et
1418 1313 1543 1355 tollat
1558 1325 1730 1354 crucem
1745 1325 1878 1361 suam,

1056 1375 1099 1412 et
1123 1373 1332 1422 sequatur
1359 1383 1439 1411 me.
1480 1370 1546 1411 Ac
1574 1370 1610 1410 si
1636 1369 1766 1410 dicat:
1795 1368 1878 1419 Qui

1054 1441 1124 1469 me
1161 1427 1402 1477 desiderat,
1443 1439 1489 1467 se
1527 1425 1757 1479 despiciat:
1794 1424 1877 1476 Qui

1054 1485 1148 1526 vult
1173 1485 1317 1526 facere
1340 1484 1609 1525 voluntatem
1632 1494 1789 1530 meam,
1816 1479 1876 1522 di-

1055 1547 1149 1583 seat
1167 1542 1366 1592 frangere
1386 1553 1519 1581 suam.

1108 1598 1168 1639 Te
1188 1598 1331 1639 Deum
1351 1596 1591 1638 laudamus.

1327 1681 1495 1726 Eadem
1513 1684 1607 1725 Die.

1250 1746 1370 1789 (Alibi
1395 1746 1457 1780 die
1484 1745 1533 1779 15.
1558 1744 1680 1785 Febr.)

1076 1802 1144 1844 Ss.
1172 1802 1338 1843 XXVI
1364 1800 1648 1850 Martyrum
1676 1800 1706 1841 J
1708 1808 1851 1849 apon.

1381 1858 1545 1901 Duplex.

1107 1911 1283 1946 Officium
1315 1914 1355 1944 ut
1392 1910 1490 1943 inter
1520 1909 1616 1943 festa
1651 1919 1721 1952 pro
1760 1910 1874 1952 aliqu.

1053 1960 1151 1994 loeis
1183 1959 1244 1992 die
1275 1958 1305 1992 5.
1336 1957 1445 1991 Febr.
1484 1957 1560 1991 Ubi
1592 1958 1767 1991 celebrat.
1801 1958 1875 1991 hoe

1054 2008 1137 2042 fest.
1159 2007 1220 2041 die
1246 2006 1293 2040 15.
1310 2005 1419 2039 Febr.
1435 2005 1475 2039 fit
1493 2015 1686 2039 commem.
1704 2004 1760 2039 Ss.
1778 2005 1873 2039 Fau-

1055 2055 1145 2090 stini
1167 2059 1203 2089 et
1219 2054 1363 2089 Jovitae
1379 2053 1485 2087 Mart.
1507 2058 1543 2087 et
1558 2053 1646 2086 Ant.
1667 2063 1711 2086 ae
1728 2047 1811 2093 VY.
1836 2053 1874 2086 in

1053 2103 1079 2137 Ι.
1098 2103 1212 2146 Vesp.
1240 2106 1440 2136 sumuntur
1463 2111 1510 2135 ex
1532 2100 1668 2142 Laud.;
1695 2100 1733 2133 in
1756 2099 1873 2134 Laud.

1053 2162 1146 2185 vero
1172 2161 1219 2185 ex
1243 2151 1269 2184 I.
1288 2151 1403 2193 Vesp.

1260 2233 1343 2274 Die
1362 2233 1419 2273 13.
1436 2203 1672 2273 Februarii.

1079 2298 1122 2340 S.
1142 2292 1708 2395 catharinffilglexlzieciis
1722 2291 1840 2340 virg.

1108 2411 1285 2446 Officium
1321 2412 1362 2443 ut
1393 2409 1491 2442 inter
1527 2407 1622 2440 festa
1656 2417 1725 2449 pro
1757 2406 1872 2450 aliqu.

1053 2460 1150 2495 loeis
1176 2459 1309 2493 eadem
1334 2457 1406 2491 die.

1297 2539 1380 2580 Die
1407 2539 1446 2579 5.
1473 2537 1630 2579 Martii.

1054 2605 1097 2646 S.
1112 2603 1142 2644 J
1144 2603 1286 2645 oanis
1305 2603 1335 2643 J
1337 2601 1514 2653 osephi
1533 2610 1564 2641 a
1583 2601 1736 2643 cruce
1750 2599 1871 2641 Conf.

1109 2708 1243 2743 Omnia
1273 2707 1319 2741 de
1350 2658 1631 2761 Cgriijriflxc'lonf.
1660 2716 1737 2739 non
1763 2704 1869 2738 Pont.

1053 2762 1192 2801 praeter
1217 2760 1426 2799 sequentla.

1626 2890 1666 2923 l*
