2066 2956
685 182 789 216 Ordo
816 183 1174 218 Commendationis
1201 184 1362 217 Animae.

214 279 377 322 Libera
416 278 603 319 Domine
652 277 841 318 animam
882 277 998 319 servi

163 337 242 386 tui,
271 336 384 378 sicut
410 334 607 376 liberasti
633 338 723 376 tres
750 336 915 386 pueros
942 333 997 375 de

165 394 336 434 camino
360 391 471 443 ignis
491 389 700 440 ardentiS,
729 394 772 431 et
793 389 848 431 de
866 402 998 430 manu

164 448 280 500 regis
298 447 446 500 iniqui.
477 450 522 500 lev.
546 446 698 487 Amen.

216 503 378 546 Libera
418 502 607 544 Domine
653 502 843 543 animam
883 501 998 542 servi

163 560 243 611 tui,
284 560 397 602 sicut
432 557 631 600 liberasti
662 558 906 600 Susannam
942 557 997 599 de

163 617 275 658 falso
296 615 486 658 crimine.
516 616 562 666 R».
584 614 737 656 Amen.

216 672 376 714 Libera
417 670 604 712 Domine
652 670 841 711 animam
882 669 997 710 servi

163 730 242 779 tui,
269 728 382 770 sicut
409 726 606 769 liberasti
624 726 771 768 David
793 726 848 768 de
866 738 998 766 manu

164 785 279 836 regis
298 784 416 834 Saul,
443 788 487 825 et
509 783 564 824 de
583 795 715 824 manu
734 783 889 825 Goliae.

217 845 267 895 Rz.
288 841 441 882 Amen.

216 897 376 940 Libera
415 895 604 938 Domine
651 894 840 935 animam
883 894 998 935 servi

164 954 242 1003 tui,
271 953 384 995 sicut
411 951 609 994 liberasti
626 951 806 992 Petrum
826 955 870 992 et
888 951 996 991 Pau-

165 1010 255 1051 lum
274 1009 330 1051 de
350 1008 611 1051 carceribus.
640 1013 686 1063 Ιζν.
710 1007 863 1048 Amen.

217 1068 274 1108 Et
306 1066 419 1107 sicut
454 1063 754 1107 beatissimam
786 1062 998 1104 Theclam

164 1122 392 1173 Virginem
428 1126 473 1163 et
506 1120 747 1172 Martyrem
783 1124 905 1160 tuam
942 1117 998 1160 de

141 1227 144 1230 ⁴
163 1178 304 1221 tribus
331 1176 615 1220 atrocissimis
638 1175 869 1218 tormentis
892 1174 996 1216 libe-

163 1235 289 1284 rasti,
312 1234 375 1275 sic
392 1233 579 1275 liberare
599 1231 790 1283 digneris
810 1231 999 1272 animam

164 1290 290 1342 hujus
314 1290 430 1331 servi
452 1289 531 1339 tui,
559 1293 603 1330 et
624 1293 771 1330 tecum
795 1287 930 1329 facias
955 1287 998 1327 in

162 1346 291 1388 bonis
311 1344 589 1397 congaudere
608 1343 874 1386 coelestibus.

219 1404 269 1455 Ra
290 1402 443 1443 Amen.

498 1454 661 1496 Oratio.

241 1514 574 1557 ommendamus
599 1512 679 1555 tibi
696 1512 884 1553 Domine
911 1512 997 1553 ani-

267 1584 386 1612 mam
429 1569 581 1611 famuli
621 1569 685 1611 tui
718 1573 795 1618 N„
847 1581 998 1621 preca-

164 1631 350 1680 murque
387 1632 431 1669 te
466 1625 654 1667 Domine
687 1625 712 1666 J
715 1637 793 1666 esu
824 1624 997 1666 Christe

164 1684 368 1726 Salvator
390 1682 556 1724 mundi:
586 1687 634 1724 ut
657 1686 840 1734 propter
866 1694 997 1733 quam

165 1740 224 1782 ad
251 1745 415 1782 terram
445 1737 788 1780 misericorditer
819 1735 994 1779 descen-

166 1796 285 1846 disti,
312 1795 665 1838 Patriarcharum
693 1795 871 1836 tuorum
898 1794 996 1835 sini-

165 1852 248 1894 bus
274 1852 494 1893 insinuare
521 1863 611 1892 non
640 1852 809 1891 renuas.
851 1850 998 1901 Agno-

166 1921 241 1950 sce
263 1908 452 1950 Domine
476 1910 722 1950 creaturam
746 1911 883 1956 tuam,
910 1919 998 1948 non

166 1978 193 2006 a
210 1963 293 2006 diis
312 1964 463 2006 alienis
481 1966 685 2013 creatam,
705 1962 785 2004 sed
802 1976 828 2004 a
841 1968 886 2004 te
901 1963 997 2004 solo

166 2020 264 2062 Deo
294 2020 397 2062 vivo
430 2025 474 2062 et
506 2031 627 2061 vero:
670 2018 772 2071 quia
807 2031 896 2060 non
931 2024 998 2061 est

167 2076 278 2117 alius
306 2075 427 2117 Deus
453 2081 618 2129 praeter
643 2079 703 2125 te,
745 2079 788 2116 et
814 2087 902 2116 non
931 2080 999 2116 est

167 2130 411 2174 secundum
429 2133 566 2185 opera
583 2136 670 2173 tua.
697 2130 895 2172 Laetifica
910 2131 998 2172 Do-

166 2188 281 2230 mine
319 2187 508 2229 animam
547 2188 639 2240 ejus
672 2186 717 2227 in
757 2188 999 2239 conspectu

165 2249 261 2294 tuo,
294 2249 338 2285 et
367 2256 422 2285 ne
451 2242 699 2285 memineris
721 2242 1000 2294 iniquitatum

167 2301 258 2352 ejus
300 2300 593 2352 antiquarum,
639 2304 684 2341 et
722 2298 999 2348 ebrietatum,

168 2369 277 2409 quas
314 2355 542 2397 suscitavit
574 2355 695 2396 furor
727 2354 820 2396 sive
852 2354 999 2395 fervor

166 2412 270 2453 mali
299 2411 516 2454 desiderii.
551 2411 677 2453 Licet
703 2410 819 2452 enim
844 2412 998 2462 pecca-

166 2468 293 2519 verit,
314 2473 462 2510 tamen
479 2467 672 2516 Patrem,
698 2471 742 2508 et
758 2466 931 2515 Filium,
956 2473 1000 2507 et

167 2524 376 2575 Spiritum
393 2528 592 2565 sanctum
611 2535 699 2564 non
713 2522 899 2573 negavit,
919 2522 1000 2563 sed

169 2579 365 2629 credidit,
385 2585 428 2621 et
447 2579 590 2620 zelum
605 2579 689 2620 Dei
708 2579 752 2618 in
768 2590 817 2619 se
836 2577 998 2627 habuit,

169 2640 213 2676 et
230 2635 388 2684 Deum,
414 2636 488 2688 qui
506 2635 609 2677 fecit
629 2634 787 2683 omnia,
811 2632 999 2675 fideliter

168 2690 381 2733 adoravit.

324 2832 388 2857 Pars
405 2832 500 2858 Venia.

1389 280 1551 319 Oratio.

1051 332 1268 437 Delicta
1286 342 1533 394 iuventatis,
1553 346 1597 383 et
1615 341 1884 392 ignorantias

1157 399 1259 450 ejus,
1281 400 1543 450 quaesumus,
1563 410 1618 439 ne
1636 398 1884 439 memineris

1050 454 1254 504 Domine;
1291 455 1371 496 sed
1409 454 1651 496 secandum
1682 467 1886 505 magnam

1049 510 1396 552 misericordiam
1432 516 1553 552 tuam
1586 511 1756 552 memor
1788 516 1885 553 esto

1049 566 1164 608 illius
1184 567 1228 607 in
1247 566 1386 618 gloria
1406 567 1617 609 claritatis
1636 573 1736 608 tuae.
1770 567 1885 620 Ape—

1050 623 1216 665 riantur
1236 624 1276 665 ei
1295 623 1407 674 coeli,
1428 623 1704 665 collaetentur
1720 623 1782 664 illi
1799 624 1884 664 An-

1050 680 1147 730 geli.
1174 681 1225 720 In
1244 693 1428 731 regnum
1446 686 1570 722 tuum
1590 680 1778 721 Domine
1798 692 1885 722 ser·

1050 750 1154 777 vum
1171 742 1295 778 tuum
1316 736 1503 789 suscipe.
1542 736 1761 789 Suscipiat
1786 749 1886 777 eum

1051 798 1228 835 sanctus
1252 793 1442 834 Michael
1467 792 1772 843 Archangelus
1791 793 1885 843 Dei,

1052 849 1126 901 qui
1144 849 1310 891 militiae
1337 849 1531 891 coelestis
1550 849 1710 890 meruit
1727 848 1884 901 princi-

1050 907 1214 958 patum.
1247 905 1439 947 Voniant
1462 905 1524 946 illi
1550 905 1727 947 obviarn
1747 906 1886 947 sancti

1051 962 1209 1012 Angeli
1236 962 1336 1012 Dei,
1370 967 1413 1004 et
1441 961 1687 1015 perducant
1715 974 1815 1003 eum
1843 962 1887 1002 in

1051 1018 1273 1060 civitatem
1284 1018 1512 1060 coelestem
1521 1019 1546 1059 J
1548 1018 1776 1059 erasalem.
1795 1018 1889 1059 Sus·

1051 1074 1186 1126 cipiat
1210 1087 1310 1116 eum
1333 1074 1491 1116 beatus
1514 1075 1672 1116 Petrus
1693 1074 1885 1127 Aposto-

1050 1131 1135 1180 lus,
1169 1131 1238 1172 cui
1263 1143 1288 1171 a
1312 1131 1410 1172 Deo
1437 1130 1583 1172 claves
1608 1130 1730 1181 regni
1757 1131 1885 1172 coele-

1051 1187 1130 1228 stis
1149 1186 1324 1228 traditae
1346 1191 1456 1228 sunt.
1477 1186 1668 1238 Adjuvet
1684 1199 1784 1228 eum
1799 1200 1887 1228 san-

1052 1248 1148 1285 ctus
1167 1243 1330 1284 Paulus
1350 1243 1613 1295 Apostolus,
1634 1243 1709 1295 qui
1729 1243 1886 1294 dignus

1050 1300 1130 1341 fuit
1150 1312 1248 1341 esse
1268 1312 1347 1340 vas
1369 1299 1607 1341 electionis.
1636 1299 1887 1342 Interce'dat

1051 1368 1133 1408 pro
1167 1368 1221 1397 eo
1255 1360 1431 1397 sanctus
1465 1355 1674 1405 Joannes,
1721 1356 1887 1398 electus

1050 1412 1135 1453 Dei
1163 1411 1424 1464 Apostolus,
1458 1411 1527 1453 cui
1559 1412 1754 1453 revelata
1787 1418 1887 1454 sunt

1052 1469 1223 1509 secreta
1242 1466 1450 1509 coelestia.
1492 1467 1630 1509 Orent
1654 1480 1736 1520 pro
1762 1480 1816 1509 eo
1843 1481 1886 1510 o-

1051 1537 1174 1565 mnes
1194 1523 1334 1565 sancti
1350 1523 1569 1576 Apostoli,
1590 1524 1749 1575 quibus
1766 1537 1791 1565 a
1806 1525 1887 1565 Do-

1051 1580 1169 1621 mino
1195 1579 1299 1621 data
1324 1585 1391 1621 est
1415 1581 1616 1632 potestas
1639 1579 1805 1631 ligandi
1825 1587 1885 1623 at-

1053 1649 1139 1688 que
1164 1635 1376 1677 solvendi.
1413 1636 1695 1678 Intercedant
1722 1649 1804 1689 pro
1832 1650 1886 1678 eo

1054 1705 1206 1734 omnes
1239 1692 1387 1734 Sancti
1422 1698 1466 1734 et
1498 1693 1640 1734 Electi
1671 1693 1771 1743 Dei,
1813 1694 1887 1745 qui

1053 1761 1136 1801 pro
1175 1748 1337 1790 Christi
1374 1748 1550 1790 n6mine
1586 1751 1806 1791 tormenta
1843 1750 1887 1790 in

1052 1805 1139 1846 hoc
1158 1804 1321 1846 sa'eculo
1342 1805 1654 1847 sustinuerunt:
1673 1811 1721 1847 ut
1741 1808 1886 1848 vincu-

1052 1861 1106 1902 lis
1125 1861 1267 1903 carnis
1288 1864 1457 1911 exutus,
1476 1864 1707 1914 pervenire
1722 1865 1885 1904 merea-

1051 1923 1123 1959 tur
1142 1916 1200 1959 ad
1213 1917 1398 1968 gloriam
1413 1917 1535 1968 regni
1551 1917 1755 1968 coelestis,
1776 1932 1885 1971 prae-

1053 1976 1197 2015 stante
1224 1973 1416 2015 Domino
1449 1978 1602 2015 nostro
1631 1974 1737 2015 Jesu
1767 1974 1885 2015 Chri-

1053 2035 1138 2071 sto:
1163 2029 1248 2080 Qui
1271 2042 1372 2071 cum
1390 2029 1521 2071 Patre
1546 2035 1590 2071 et
1608 2030 1773 2082 Spiritu
1791 2043 1885 2071 san-

1053 2090 1125 2127 cto
1145 2085 1252 2127 vivit
1272 2090 1316 2127 et
1334 2090 1488 2137 regnat
1506 2086 1550 2126 in
1569 2086 1731 2127 saecula
1750 2099 1886 2128 saecu-

1051 2141 1205 2183 lorum.
1241 2143 1292 2194 Rv.
1316 2141 1471 2183 Amen.

1106 2210 1146 2245 Si
1171 2212 1352 2244 anxiatur
1377 2210 1503 2243 adhuc
1530 2210 1671 2251 anima,
1706 2209 1885 2243 dicuntur

1055 2258 1096 2292 hi
1115 2258 1271 2297 Psalmi,
1287 2258 1470 2293 videlicet
1488 2257 1741 2294 confitemini.
1762 2261 1815 2296 21.
1850 2261 1885 2291 Ct

1054 2310 1158 2341 totus
1179 2306 1241 2340 Ps.
1266 2306 1376 2341 Beati
1399 2306 1644 2342 immaculati.
1671 2314 1740 2347 pcr
1756 2304 1884 2338 Horas

1054 2354 1294 2387 distributus
1319 2353 1373 2390 22.

1108 2410 1276 2452 Egressa
1302 2413 1427 2442 autem
1454 2409 1591 2449 anima,
1618 2409 1689 2442 dic.
1716 2409 1788 2442 hoc

1107 2467 1157 2517 Rz.
1180 2467 1417 2509 Subvenite
1441 2466 1586 2508 Sancti
1607 2466 1707 2516 Dei,
1733 2472 1883 2510 occur-

1052 2523 1134 2564 rite
1153 2523 1312 2574 Angeli
1331 2523 1524 2563 Domini:
1546 2522 1567 2545 *
1585 2523 1883 2576 Suscipientes

1052 2579 1241 2620 animam
1269 2579 1374 2630 ejus:
1396 2579 1417 2600 *
1442 2578 1688 2620 Offerentes
1717 2592 1813 2621 eam
1839 2581 1883 2621 in

1053 2637 1294 2687 conspectu
1322 2634 1546 2676 Altissimi.
1586 2629 1636 2679 N
1665 2635 1884 2689 Suscipiat

1007 2724 1009 2727 ,
1051 2695 1096 2732 te
1121 2690 1331 2739 Christus,
1365 2690 1439 2742 qui
1470 2691 1647 2733 vocavit
1678 2696 1739 2742 te,
1771 2698 1816 2734 et
1838 2692 1883 2733 in
