2028 2892
174 186 240 220 414

177 285 339 336 quiens,
359 285 450 335 ejus
466 283 681 324 celaretur
695 283 883 331 diabolo,
901 282 1004 324 dum

176 352 275 380 eum
300 343 426 390 putat
449 352 536 379 non
562 338 617 379 de
636 338 819 389 virgine,
845 338 924 378 sed
949 337 1004 378 de

174 396 311 435 uxore
331 396 596 444 generatum.

230 459 274 507 R:-
316 457 436 498 Dicit
472 463 611 498 mater
640 457 743 498 Jesu
779 456 835 497 ad
866 456 1003 496 illum:

173 512 272 561 Fili,
300 512 406 564 quid
429 513 570 553 fecisti
595 512 722 554 nobis
742 512 825 553 sic?
848 519 870 541 *
887 512 1003 552 Ecce

173 573 300 619 pater
321 573 422 608 tuus
447 572 491 609 et
515 580 598 618 ego
619 568 818 609 dolentes
838 580 1002 618 quaere-

173 622 330 664 bamus
349 628 404 664 te.
440 620 489 671 V.
515 623 573 664 Et
592 624 652 664 ait
671 623 728 664 ad
745 622 858 663 illos:
888 622 1003 672 Quid

174 683 241 719 est
270 677 390 730 quod
416 691 487 719 me
517 676 806 729 quaerebatis?
839 678 1002 719 nescie-

173 733 287 774 batis
321 733 422 785 quia
453 733 497 773 in
524 733 592 774 his
622 746 720 785 quae
745 733 889 773 Patris
917 733 1003 773 mei

173 794 283 850 sunt,
303 790 481 841 oportet
499 801 569 829 me
589 788 708 830 esse?
736 789 865 829 Ecce.

459 862 609 902 Lectio
630 864 711 902 viii.

173 919 457 1022 Antequam
488 929 789 975 convenirent,
828 927 1002 967 inventa

275 987 342 1023 est
364 982 408 1022 in
426 985 553 1023 utero
572 982 739 1022 habens
763 980 818 1022 de
838 982 1002 1034 Spiritu

171 1043 335 1078 sancto.
378 1038 479 1078 Non
511 1037 567 1078 ab
601 1037 686 1078 alio
720 1038 895 1079 inventa
924 1042 1001 1086 est,

170 1093 253 1133 nisi
288 1105 314 1133 a
344 1093 529 1144 Joseph,
556 1088 650 1144 'qui
682 1105 795 1144 pene
827 1093 1001 1133 licentia

170 1148 358 1189 maritali
389 1148 546 1188 futurae
578 1149 728 1188 uxoris
757 1148 902 1188 emnia
925 1150 1000 1188 ne·

170 1208 303 1244 verat.
341 1202 471 1253 Quod
495 1208 642 1244 autem
666 1203 840 1252 dicitur,
868 1204 1000 1244 Ante—

171 1272 302 1310 quam
318 1261 616 1308 convenirent3
635 1271 722 1299 non
742 1259 938 1310 sequitur
953 1265 1001 1300 ut

171 1316 328 1366 pestea
353 1314 650 1355 convenerint:
676 1313 756 1355 sed
774 1314 1001 1366 Scriptura

172 1368 293 1420 quod
311 1369 475 1410 factum
494 1381 582 1409 non
601 1369 667 1417 sit,
687 1369 890 1410 ostendit.

226 1433 272 1483 1³3.
304 1432 545 1473 Descendit
569 1433 697 1474 Jesus
724 1445 823 1473 cum
849 1433 927 1482 eis,
957 1438 1001 1474 et

169 1488 287 1528 venit
305 1488 542 1529 Nazareth:
562 1492 583 1514 *
603 1488 661 1530 Et
684 1494 778 1529 erat
797 1487 1000 1529 subditus

169 1543 263 1583 illis.
309 1543 357 1589 Y.
386 1543 654 1585 Proficiebat
686 1544 918 1596 sapientia,
957 1549 1000 1585 et

170 1601 318 1647 aetate,
338 1604 382 1640 et
400 1600 542 1649 gratia
562 1599 680 1652 apud
698 1600 842 1641 Deum
862 1605 906 1641 et
924 1600 998 1641 ho-

168 1654 317 1695 mines.
344 1655 412 1696 Et.
443 1655 593 1696 Gleria
611 1655 740 1696 Patri.
770 1655 836 1696 Et.

221 1714 263 1746 ln
294 1715 485 1757 Quadrag.
512 1716 560 1749 ix.
587 1716 718 1750 Lectio
751 1717 797 1751 de
827 1718 998 1752 Homilia

171 1760 307 1800 Feriae;
335 1763 432 1795 alias

467 1830 618 1872 Lectio
644 1833 696 1871 ix.

169 1892 379 1997 Joseph
402 1898 565 1942 autem,
591 1894 657 1934 vir
681 1895 788 1945 ejus,
815 1907 914 1934 cum
934 1907 997 1934 es-

254 1954 322 1989 set
341 1949 492 1999 justus,
517 1954 560 1990 et
579 1949 716 1990 nollet
735 1962 832 1990 eam
851 1947 997 1990 tradu-

169 2015 279 2052 cere,
301 2004 439 2044 voluit
459 2004 631 2045 occulte
651 2003 870 2045 dimittere
891 2017 998 2045 eam.

167 2058 212 2099 Si
265 2059 361 2110 quis
408 2059 654 2100 fornicariae
707 2059 997 2110 conjungitur,

167 2127 301 2154 unum
335 2127 497 2167 corpus
527 2114 726 2156 efficitur:
759 2120 803 2156 et
830 2115 873 2154 in
901 2115 997 2164 lege

167 2171 440 2221 praeceptum
479 2175 547 2211 est
583 2182 670 2211 non
708 2170 849 2211 solum
886 2183 997 2219 reos,

168 2224 247 2265 sed
285 2230 328 2266 et
365 2225 567 2266 censcios
601 2226 828 2266 criminum
863 2225 998 2266 obne-

168 2280 265 2320 xios
301 2293 398 2322 esse
434 2281 622 2332 peccati:
666 2279 890 2332 quemodo
927 2281 997 2321 Jo-

170 2335 297 2386 seph,
326 2348 426 2376 cum
455 2336 618 2377 crimen
646 2336 809 2376 celaret
837 2336 998 2384 uxoris,

168 2389 305 2438 justus
334 2389 561 2432 scribitur?
590 2390 677 2432 Sed
699 2390 785 2431 hoc
803 2391 996 2431 testime-

169 2443 287 2484 nium
331 2445 482 2486 Mariae
528 2451 610 2493 est,
666 2445 787 2498 quod
832 2445 997 2497 Joseph

169 2498 310 2539 sciens
345 2500 459 2541 illius
493 2501 755 2549 castitatem,
793 2505 836 2541 et
864 2500 996 2541 admi-

169 2565 270 2593 rans
291 2555 410 2605 quod
430 2558 649 2606 evenerat,
677 2555 791 2597 celat
814 2555 998 2604 silentio,

171 2608 291 2658 cujus
310 2611 564 2659 mysterium
583 2610 816 2652 nesciebat.

224 2663 284 2702 Te
303 2663 446 2704 Deum
464 2665 703 2707 laudamus.
723 2667 782 2706 15.

565 189 631 221 nit·
660 190 709 222 12».
737 190 871 223 Martii.
920 191 953 222 S.
979 191 1126 232 Joseph
1154 192 1294 233 Sponsi
1322 193 1360 226 B.
1388 193 1432 227 M.
1459 194 1498 226 V.

1320 289 1399 329 Ad
1424 289 1622 329 Laudes

1278 353 1326 382 et
1360 360 1453 392 per
1484 351 1664 384 Horas.

1110 410 1208 448 Ant.
1226 412 1253 449 1.
1276 408 1402 449 Ibant
1420 411 1625 460 parentes
1640 409 1664 449 J
1668 421 1745 450 esu
1763 410 1788 435 *
1806 422 1886 462 per

1059 473 1210 503 omnes
1235 476 1372 504 annos
1396 463 1439 503 in
1461 463 1720 513 Jerusalem,
1747 465 1791 504 in
1815 464 1886 506 die

1057 516 1241 558 solemni
1260 518 1453 559 Paschae.

1108 579 1174 618 Ps.
1204 578 1421 618 Dominus
1440 579 1648 629 regnavit.
1667 581 1726 620 16.

1106 638 1142 676 2.
1165 638 1274 678 Cum
1292 636 1496 688 redirent,
1511 639 1536 664 *
1550 639 1759 680 remansit
1776 652 1886 692 puer

1056 691 1081 732 J
1083 704 1182 733 esus
1202 693 1245 733 in
1263 693 1523 742 Jerusalem,
1551 698 1596 734 et
1618 706 1706 735 non
1727 707 1885 746 cogno-

1056 749 1212 789 verunt
1230 750 1436 801 parentes
1457 749 1559 799 ejus.

1107 810 1143 847 3.
1177 808 1274 849 Non
1296 809 1568 849 invenientes
1586 809 1611 834 *
1629 809 1654 849 J
1657 821 1796 858 esum,
1820 822 1884 851 re·

1055 863 1195 913 gressi
1220 868 1321 904 sunt
1338 864 1383 904 in
1401 863 1643 904 Jerusalem
1662 865 1884 916 requiren-

1054 923 1122 959 tes
1150 931 1263 970 eum3
1293 924 1335 960 et
1363 924 1466 971 post
1492 919 1686 960 triduum
1713 919 1886 961 invene-

1055 979 1156 1015 runt
1180 974 1302 1015 illum
1330 974 1374 1014 in
1397 973 1564 1026 templo
1590 974 1817 1016 sedentem
1840 975 1884 1015 in

1055 1028 1200 1070 medio
1221 1029 1470 1078 docterum,
1494 1029 1743 1071 audientem
1763 1034 1806 1071 et
1825 1030 1884 1071 in-

1054 1087 1351 1135 terrogantem
1370 1098 1458 1126 eos.

1106 1148 1143 1186 4.
1180 1146 1300 1186 Dixit
1326 1151 1466 1186 mater
1495 1148 1584 1199 ejus
1613 1146 1637 1172 *
1663 1144 1719 1186 ad
1746 1145 1884 1187 illum:

1055 1200 1152 1249 Fili,
1186 1201 1292 1252 quid
1324 1201 1466 1242 fecisti
1497 1202 1624 1243 nobis
1653 1199 1740 1242 sic?
1767 1201 1884 1243 Eece

1054 1260 1180 1307 pater
1198 1261 1311 1305 tuus,
1333 1262 1375 1298 et
1395 1270 1477 1307 ego
1497 1257 1698 1299 dolentes
1719 1269 1884 1308 quaere-

1053 1311 1210 1352 bamus
1231 1316 1286 1352 te.

1106 1371 1142 1409 5.
1171 1370 1411 1412 Descendit
1429 1372 1454 1412 J
1457 1385 1557 1413 esus
1575 1373 1599 1397 *
1618 1385 1718 1413 cum
1738 1373 1818 1422 eis,
1840 1378 1884 1415 et

1053 1426 1172 1522 xffnjt
1200 1426 1442 1476 Nazareth,
1479 1432 1522 1468 et
1557 1432 1650 1468 erat
1682 1427 1883 1470 subditus

1052 1496 1067 1521 1
1101 1494 1149 1522 1S.

1107 1552 1367 1602 Capitulum.
1500 1553 1626 1593 Prov.
1637 1555 1702 1593 28.
1714 1559 1757 1595 et
1766 1554 1830 1594 27.

1144 1615 1181 1654 ir
1220 1615 1362 1656 fidelis
1401 1615 1586 1657 multum
1621 1615 1882 1658 laudabitur.

1160 1670 1217 1711 Et
1243 1671 1317 1722 qui
1343 1677 1493 1713 custos
1517 1676 1585 1712 est
1602 1671 1780 1712 Domini
1804 1672 1881 1722 sui,

1051 1723 1379 1773 glorificabitur.

1082 1811 1086 1814 ·
1363 1796 1574 1847 Hymnus.

1099 1864 1177 1905 ste,
1198 1872 1328 1910 quem
1346 1858 1437 1900 laeti
1456 1859 1639 1900 colimus
1658 1858 1823 1908 fideles,

1104 1914 1235 1965 Cujus
1270 1914 1470 1955 excelsos
1503 1915 1699 1955 canimus
1731 1914 1879 1956 trium-

1361 1970 1487 2022 phos

1103 2025 1200 2066 Hac
1223 2024 1294 2066 die
1313 2025 1335 2065 J
1341 2025 1481 2077 oseph
1499 2025 1659 2066 meruit
1677 2024 1880 2077 perennis

1259 2080 1434 2122 Gaudia
1453 2080 1567 2122 vitae.

1054 2152 1091 2192 O
1109 2153 1236 2194 nimis
1256 2152 1369 2201 felix,
1388 2153 1515 2193 nimis
1536 2165 1563 2193 o
1582 2152 1750 2203 beatus,

1104 2209 1235 2259 Cujus
1268 2210 1508 2250 extremam
1535 2208 1689 2259 vigiles
1721 2207 1778 2249 ad
1804 2208 1879 2249 ho-

1103 2318 1301 2360 Christus
1333 2277 1542 2370 efaXIJIirgo
1575 2318 1703 2360 simul
1735 2318 1879 2359 astite-

1259 2429 1346 2470 Ore
1360 2379 1532 2470 lsgeno.

1054 2500 1170 2541 Hinc
1188 2501 1324 2552 stygis
1343 2500 1501 2549 victor,
1525 2500 1685 2551 laqueo
1709 2499 1879 2541 solutus

1105 2555 1271 2604 Carnis,
1296 2554 1353 2596 ad
1372 2555 1500 2598 sedes
1519 2553 1696 2606 placido
1716 2557 1878 2606 sopere

1102 2611 1260 2660 Migrat
1279 2612 1476 2659 aeternas,
1498 2610 1725 2660 rutilisque
1746 2610 1879 2660 cingit

1257 2665 1479 2717 Tempora
1500 2665 1639 2706 sertis.
