2028 2892
734 169 846 203 Fcria
871 181 903 204 v.
931 171 968 203 in
993 172 1114 205 Coena
1139 172 1303 206 Domini.

165 266 259 303 stus
289 274 380 303 non
407 261 624 304 dubitavit
652 263 852 304 manibus
878 263 994 305 tradi

163 318 432 368 nocentium,
477 323 520 360 et
557 319 697 359 crucis
729 318 875 361 subire
906 324 992 361 tor-

163 375 373 415 montum:
394 373 474 414 secl
498 374 582 424 Qui
604 378 751 416 tecum
769 375 885 416 vivit.
913 378 991 418 dic.

164 428 245 470 sub
264 428 449 470 silentio.

215 493 342 526 Finita
361 492 557 535 Oratione,
584 494 624 528 fit
649 494 779 537 fragor
802 501 837 529 et
858 498 991 540 strepi-

163 546 224 575 tus
249 541 544 583 aliquantulum:
575 552 666 576 mox
691 543 882 585 profertur
907 555 991 578 can-

165 589 252 623 dela
277 599 440 622 accensa
466 590 514 623 dc·
538 590 608 623 sub
635 591 761 627 altari,
794 598 828 625 ct
860 602 991 627 omnes

164 642 335 681 surgun-t,
362 643 397 670 et
422 647 507 670 cum
532 637 687 671 silentio
715 638 927 674 discedunt.

436 707 516 748 Ad
542 707 720 749 Horas.

215 772 360 813 Prima,
385 773 532 813 Tertia,
557 774 692 811 Sexta,
718 781 753 808 ct
775 775 906 812 Nona,
939 777 992 809 di-

166 821 237 854 ctis
267 825 415 854 secreto
440 820 554 855 Pater
580 824 722 856 noster.
752 823 838 857 Ave
860 821 992 858 Maria.

165 872 202 902 et
226 868 276 902 ad
299 868 467 902 Primam
493 869 629 904 Credo.
657 870 832 904 absolute
864 871 992 904 incho-

165 920 277 949 antur
300 926 321 949 a
338 915 504 949 Psalmis
524 917 738 959 consuetis,
764 918 829 960 qui
848 919 894 951 ad
915 919 992 952 Pri-

166 973 266 996 mam
292 968 394 1001 sunt,
425 969 464 997 ut
489 964 526 996 in
553 964 676 998 festis:
709 965 849 1007 quibus
875 966 992 999 tinitis

165 1010 306 1045 dicitur
329 1006 374 1051 V.
401 1010 580 1046 Christus
603 1010 728 1046 factus
753 1015 811 1046 est
833 1021 905 1055 pro
926 1021 993 1046 no-

162 1058 240 1102 bis,
270 1062 338 1093 etc.
364 1059 476 1092 flexis
501 1058 680 1101 genibus:
715 1064 751 1093 ct
775 1060 914 1094 dicitur
938 1071 993 1095 se-

167 1110 286 1140 creto:
311 1106 424 1141 Pater
443 1109 585 1141 noster.
619 1106 680 1140 Ps.
707 1106 895 1141 Miserere.
917 1106 992 1141 224.

165 1152 308 1187 Oratio.
348 1153 530 1197 Respice,
564 1155 787 1198 quaesumus
817 1153 992 1188 Domine.

165 1200 265 1234 sicut
288 1201 328 1234 in
351 1201 470 1235 Laud.

215 1252 261 1286 In
287 1252 361 1287 hoc
392 1253 520 1287 triduo
552 1264 629 1288 non
654 1254 902 1289 annuntiatur
928 1255 993 1288 ali-

166 1300 260 1343 quid
304 1300 351 1334 de
395 1300 693 1345 Martyrologio‚
740 1313 809 1336 nce
854 1303 994 1336 dicitur

162 1345 349 1382 Pretiosa.

394 1418 473 1459 Ad
500 1418 767 1469 vesperas.

216 1485 403 1528 Vesperae
427 1484 532 1519 dicto
554 1490 702 1519 secreto
721 1485 835 1520 Pater
850 1490 993 1521 noster.

168 1533 252 1566 Ave
267 1530 398 1565 Maria.
425 1532 656 1566 inchoantur
678 1534 853 1567 absolute
876 1544 897 1567 a
918 1534 993 1577 pri-

166 1590 226 1613 ma
245 1579 470 1622 Antiphona
489 1580 571 1614 sine
590 1585 712 1614 cantu.

216 1630 316 1671 Ant.
338 1629 531 1671 Calicem
550 1630 751 1672 salutaris
770 1633 993 1685 accipiam,

165 1689 209 1726 et
228 1697 388 1727 nomen
407 1686 584 1727 Domini
603 1687 831 1729 invocabo.

428 1761 628 1801 Psalmus
648 1762 727 1801 115.

172 1833 192 1850 >³
207 1829 261 1882 ⁵:32
281 1822 440 1873 radidi,
468 1828 652 1876 propter
676 1824 797 1876 quod
820 1824 994 1866 locutus

169 1915 180 1933 ⁴.
299 1892 410 1920 sum:
443 1880 467 1906 ⁸¹
501 1892 583 1930 ego
618 1885 765 1921 autem
798 1879 993 1921 humilia-

266 1949 268 1952 *
298 1940 369 1976 tus
389 1948 486 1976 sum
507 1936 646 1976 nimis.

216 1991 311 2042 Ego
324 1991 416 2032 dixi
429 1992 473 2032 in
484 1993 669 2033 excessu
682 2004 781 2032 meo
790 1991 828 2030 :*
840 1991 993 2032 Omnis

165 2046 298 2088 homo
317 2046 518 2088 mendax.

219 2102 334 2152 Quid
361 2102 600 2144 retribuam
626 2102 833 2150 Domino,
859 2102 883 2128 *
910 2115 992 2153 pro

166 2157 379 2207 omnibus,
408 2170 506 2210 quae
527 2157 727 2200 retribuit
745 2156 872 2198 mihi?

220 2213 412 2255 Calicem
431 2214 633 2255 salutaris
652 2214 879 2265 accipiam:
902 2213 926 2238 *
950 2217 994 2254 et

165 2282 326 2311 nomen
344 2270 523 2310 Domini
541 2269 770 2311 invocabo.

217 2326 336 2366 Vota
363 2338 461 2366 mea
488 2326 679 2367 Domino
709 2324 891 2366 reddam
923 2337 992 2364 co-

167 2393 260 2421 ram
285 2381 404 2422 omni
428 2381 595 2433 populo
623 2382 728 2432 ejus:
751 2381 775 2406 *
798 2379 993 2432 pretiosa

166 2436 211 2476 in
230 2438 472 2488 conspectu
489 2437 668 2478 Domini
686 2449 806 2477 mors
825 2437 992 2476 sancto-

168 2504 265 2532 rum
285 2492 390 2543 ejus:

221 2547 258 2588 Ο
277 2548 466 2588 Domine
487 2548 588 2599 quia
607 2559 688 2597 ego
708 2559 860 2588 servus
878 2551 993 2587 tuus:

167 2603 191 2628 *
212 2615 293 2653 ego
313 2616 466 2644 servus
484 2608 600 2652 tuus,
629 2607 673 2644 et
690 2602 806 2643 filius
825 2601 1000 2642 ancillae·

168 2662 267 2699 tuae.

1098 265 1314 317 Dirupisti
1332 267 1503 308 vincula
1526 280 1637 309 mea:
1660 268 1683 293 *
1707 267 1787 309 tibi
1806 280 1870 308 sa-

1049 320 1257 362 crificabo
1272 321 1461 363 hostiam
1479 323 1630 372 laudis,
1651 328 1694 365 et
1712 335 1871 364 nomen

1047 375 1226 416 Domini
1244 377 1472 419 invocabo.

1098 431 1218 472 Vota
1253 445 1351 474 mea
1382 433 1572 475 Domino
1610 433 1791 475 reddam
1827 434 1871 474 in

1048 489 1288 539 conspectu
1312 489 1453 529 omnis
1478 489 1631 541 populi
1655 491 1758 541 ejus:
1780 490 1804 515 *
1826 490 1870 530 in

1048 543 1169 583 atriis
1189 543 1346 585 domus
1364 545 1555 593 Domini,
1582 545 1626 585 in
1644 544 1789 586 modio
1808 545 1871 586 tui

1046 598 1301 640 Jerusalem.

1100 657 1198 695 Ant.
1223 655 1414 696 Calicem
1434 655 1632 696 salutaris
1652 656 1871 708 accipiam,

1048 714 1091 751 et
1110 722 1270 751 nomen
1288 711 1466 752 Domini
1483 711 1710 752 invocabo.

1101 774 1199 813 Ant,
1231 773 1340 812 Cum
1368 770 1454 820 his,
1482 772 1557 823 qui
1586 770 1772 812 oderunt
1798 783 1870 822 pa—

1048 838 1159 874 cem,
1194 839 1313 867 eram
1339 827 1562 878 pacificus:
1595 826 1698 868 dum
1723 826 1870 877 loque-

1046 881 1127 922 bar
1144 881 1239 932 illis,
1258 882 1574 934 impugnabant
1592 895 1662 923 me
1680 882 1825 932 gratis.

1314 955 1509 995 Psalmus
1532 958 1608 995 119.

1125 1019 1154 1060 d
1168 1019 1406 1060 Dominum
1426 1032 1524 1060 eum
1542 1019 1773 1061 tribularer
1788 1019 1870 1060 cla-

1149 1075 1279 1116 mavi:
1298 1075 1322 1101 *
1342 1080 1385 1116 et
1404 1074 1624 1116 exaudivit
1642 1087 1722 1116 me.

1101 1131 1290 1172 Domine
1315 1130 1452 1172 libera
1476 1131 1665 1172 animam
1686 1143 1828 1171 meam
1847 1143 1872 1171 a
1919 1154 1920 1157 =

1046 1185 1174 1227 labiis
1194 1187 1367 1238 iniquis,
1386 1187 1410 1212 *
1430 1191 1473 1228 et
1497 1199 1522 1227 a
1543 1186 1690 1237 lingua
1709 1185 1873 1227 dolosa.

1100 1242 1216 1292 Quid
1240 1242 1366 1283 detur
1386 1242 1482 1292 tibi,
1510 1247 1585 1283 aut
1609 1241 1714 1293 quid
1738 1254 1872 1294 appo-

1046 1299 1175 1339 natur
1200 1298 1281 1339 tibi
1305 1298 1328 1324 *
1353 1298 1409 1339 ad
1434 1298 1623 1349 linguam
1653 1297 1872 1338 dolosam?

1099 1353 1278 1403 Sagittae
1310 1354 1504 1406 potentis
1537 1356 1694 1402 acutae,
1722 1353 1746 1378 *
1775 1365 1872 1393 cum

1047 1408 1310 1450 carbonibus
1331 1409 1618 1450 desolatoriis.

1098 1465 1198 1505 Heu
1224 1465 1348 1514 mihi,
1378 1465 1479 1516 quia
1506 1463 1722 1505 incolatus
1749 1475 1871 1504 meus

1045 1520 1331 1573 prolongatus
1352 1525 1432 1561 est:
1459 1519 1652 1561 habitavi
1679 1532 1777 1559 cum
1799 1518 1871 1559 ha-

1045 1575 1287 1618 bitantibus
1307 1575 1464 1617 Cedar:
1483 1576 1506 1601 *
1525 1574 1708 1616 multum
1731 1573 1872 1615 incola

1046 1632 1126 1673 fuit
1146 1632 1288 1672 anima
1306 1644 1414 1672 mea.

1100 1688 1209 1729 Cum
1245 1687 1328 1736 his,
1375 1687 1449 1739 qui
1485 1686 1671 1728 oderunt
1706 1697 1871 1737 pacem,

1047 1756 1167 1784 eram
1207 1742 1434 1795 pacificus:
1465 1743 1489 1768 *
1522 1754 1619 1783 cum
1659 1739 1871 1792 loquebar

1046 1799 1142 1848 illis,
1161 1797 1475 1850 impugnabant
1491 1810 1562 1838 me
1580 1797 1725 1848 gratis

1101 1856 1200 1896 Ant.
1236 1856 1345 1895 Cum
1372 1853 1455 1903 his,
1484 1853 1558 1905 qui
1586 1851 1772 1894 oderunt
1798 1863 1870 1903 pa-

1047 1922 1157 1959 cem,
1191 1922 1310 1950 eram
1336 1909 1560 1962 pacificus:
1595 1908 1699 1950 dum
1723 1907 1870 1958 loquo-

1045 1965 1125 2007 bar
1143 1965 1239 2014 illis,
1258 1964 1572 2017 impugnabant
1590 1976 1659 2004 me
1678 1962 1822 2014 gratis.

1101 2023 1199 2063 Ant.
1243 2020 1308 2062 Ab
1344 2019 1593 2061 hominibus
1628 2018 1785 2069 iniquis
1820 2016 1865 2055 li-

1046 2076 1153 2118 bera
1173 2089 1242 2117 me
1260 2076 1459 2117 Domine.

1312 2152 1508 2192 Psalmus
1529 2152 1612 2190 139.

1136 2214 1230 2266 ripe
1271 2226 1342 2254 me
1372 2212 1561 2254 Domine
1605 2210 1659 2251 ab
1692 2209 1866 2250 homine

1148 2269 1280 2310 malo:
1294 2269 1317 2294 *
1332 2282 1357 2310 a
1370 2269 1465 2309 viro
1484 2267 1630 2317 iniquo
1650 2265 1769 2316 oripe
1786 2276 1867 2304 me.

1098 2325 1182 2374 Qui
1214 2325 1514 2375 cogitaverunt
1542 2320 1792 2372 iniquitates
1823 2319 1867 2359 in

1047 2379 1198 2421 corde:
1234 2380 1258 2405 *
1294 2384 1387 2420 tota
1431 2377 1501 2418 die
1545 2374 1868 2417 constituebant

1044 2435 1208 2487 praelia.

1097 2490 1324 2531 Acuorunt
1341 2487 1508 2537 linguas
1528 2498 1628 2526 suas
1649 2486 1761 2527 sicut
1780 2497 1865 2526 ser-

1045 2545 1202 2597 pontis:
1217 2546 1240 2570 *
1256 2544 1469 2584 venenum
1488 2541 1690 2593 aspidum
1710 2540 1789 2582 sub
1808 2540 1866 2580 la-

1045 2600 1129 2642 biis
1148 2602 1310 2641 eorum.

1098 2653 1279 2696 Custodi
1314 2665 1384 2694 me
1421 2652 1608 2693 Domine
1646 2651 1701 2693 de
1736 2664 1866 2692 manu
