2028 2892
717 154 823 188 Ferit!
851 155 960 190 tertia
988 157 1036 189 ad
1061 157 1294 191 Matutinum.
1808 160 1852 197 55

206 246 417 288 Sustinuit
453 247 597 289 anima
630 261 729 290 mea
763 249 808 290 in
843 250 979 292 verbo

155 302 262 367 ejus:
279 302 303 328 *
321 303 517 355 speravit
540 304 683 346 anima
707 318 807 347 mea
827 306 871 347 in
891 306 979 348 Do—

153 371 283 400 mino.

206 419 248 472 ᾼ
281 420 480 461 custodia
511 423 722 463 matutina
754 435 891 475 usque
922 423 980 465 ad

153 480 348 540 noctem:
384 476 408 502 *
445 482 593 529 speret
633 478 770 519 Israel
808 479 852 520 in
891 479 979 520 Do-

152 544 282 574 mino.

207 592 318 643 Quia
345 592 464 645 apud.
481 593 718 636 Dominum
737 596 978 638 misericor-

155 647 241 691 dia:
268 649 292 675 *
321 653 364 691 et
392 650 574 703 eopiosa
607 651 724 703 apud
758 664 856 694 eum
883 653 978 694 red-

154 705 329 758 emptio.

204 766 262 808 Et
304 766 400 819 ipse
445 767 631 809 redimet
672 768 818 817 Israel,
859 769 883 794 *
923 781 978 810 ex

152 822 352 865 omnibus
379 823 679 876 iniquitatibus
708 825 809 876 ejus.

204 882 357 925 Gloria
382 884 513 926 Patri.

203 952 331 988 Finito
356 954 522 991 Psalmo,
547 956 688 990 dicitur

203 1006 253 1059 V.
279 1013 469 1055 Domine
491 1014 613 1056 Deus
639 1014 850 1056 virtutum
876 1027 977 1056 con-

151 1070 274 1111 verte
304 1082 398 1111 nos.
436 1071 484 1122 R».
519 1071 576 1112 Et
608 1071 791 1112 ostende
822 1071 977 1112 faeiem

150 1131 282 1176 tuam,
301 1131 344 1168 et
362 1126 473 1168 salvi
491 1127 663 1168 erimus.

201 1180 252 1233 V.
281 1187 480 1238 Exsurge
500 1187 686 1238 Christe,
710 1187 867 1240 adjuva
885 1200 977 1228 nos.

150 1243 200 1295 Rz.
229 1243 286 1284 Et
315 1242 454 1285 libera
485 1256 567 1285 nos
600 1249 784 1297 propter
817 1256 977 1285 nomen

150 1303 285 1340 tuum.

201 1355 251 1407 V.
263 1359 453 1402 Domine
464 1361 624 1403 exaudi
639 1361 882 1403 orationem
890 1373 976 1402 me-

152 1429 233 1458 am.
244 1417 294 1468 Ιζν.
309 1417 366 1458 Et
380 1416 545 1458 clamor
557 1430 681 1459 meus
695 1416 752 1459 ad
765 1422 809 1459 te
822 1417 978 1458 veniat.

200 1477 251 1529 V.
282 1481 496 1523 Dominus
515 1482 754 1524 vobiscum.

200 1542 251 1595 Rv.
281 1542 338 1584 Et
357 1554 456 1583 cum
472 1542 627 1595 spiritu
644 1547 732 1585 tuo.

199 1618 349 1653 Deinde
385 1618 526 1653 dicitur
557 1618 689 1653 Oratio
721 1619 888 1662 propria.
928 1620 975 1654 Et

149 1666 305 1710 quando
327 1667 366 1700 in
389 1667 514 1701 feriali
536 1667 672 1701 Officio
697 1667 789 1702 fiunt
807 1668 973 1702 Comem.

148 1723 369 1749 communes
395 1715 442 1749 de
467 1714 502 1749 S.
529 1714 667 1757 Maria,
692 1715 738 1749 de
762 1716 796 1750 S.
814 1716 973 1759 Joseph.

149 1761 196 1796 de
212 1762 417 1806 Apostolis
439 1767 476 1797 et
498 1763 544 1797 de
562 1763 678 1802 Pace,
701 1768 788 1797 ante
811 1774 877 1798 eas
896 1768 973 1798 tam

148 1809 187 1844 in
208 1810 408 1844 Laudibus
438 1821 553 1854 quam
585 1811 621 1844 in
646 1811 764 1854 Vesp.
794 1812 835 1846 fit
868 1822 974 1855 sequ.

149 1857 355 1893 Commem.
373 1858 420 1893 de
438 1859 570 1893 Cruce.

200 1924 300 1965 Ant.
336 1923 420 1965 Per
446 1922 617 1974 signum
643 1922 793 1964 Crucis
821 1923 876 1965 de
903 1923 978 1964 ini-

151 1979 276 2020 micis
328 1979 490 2021 nostris
543 1978 681 2020 libera
733 1992 813 2021 nos
857 1980 978 2021 Deus

153 2039 312 2076 noster.

200 2088 249 2140 V.
275 2095 427 2137 Omnis
442 2101 560 2138 terra
575 2096 730 2138 adoret
744 2100 798 2146 te,
814 2100 858 2137 et
865 2095 977 2148 psal-

153 2150 214 2193 lat
238 2151 329 2193 tibi.
351 2154 400 2205 R.
423 2152 645 2194 Psalmum
673 2151 789 2194 dicat
815 2151 978 2193 nomini

153 2211 230 2249 tuo
248 2207 448 2250 Domine.

281 2281 476 2322 Oremus.
683 2280 844 2321 Oratio.

149 2333 227 2439 P
239 2343 420 2394 erpetua
438 2354 535 2391 nos,
563 2343 811 2393 quaesumus
829 2340 976 2381 Domi-

248 2410 319 2447 ne,
342 2410 452 2450 pace
474 2396 663 2439 custodi:
692 2410 802 2449 quos
825 2409 904 2449 per
931 2396 976 2436 li-

153 2465 287 2504 gnum
342 2459 506 2495 sanctae
560 2453 709 2494 Crucis
761 2451 975 2494 redimere

153 2508 355 2560 dignatus
375 2522 432 2551 es.

198 2572 293 2612 Quae
321 2572 527 2607 Commem.
559 2571 605 2604 de
638 2570 758 2604 Cruce
788 2568 827 2601 fit
855 2567 970 2600 etiam

147 2620 302 2663 quando
320 2630 397 2653 non
420 2619 598 2653 dicuntur
613 2618 766 2658 Preces,
791 2616 827 2648 in
845 2615 969 2648 feriali

146 2671 293 2702 tantum
310 2667 457 2701 Officio.

1085 252 1108 295 3
1130 250 1261 292 Temp.
1292 250 1425 283 l‘asch.
1457 252 1494 284 tit
1526 252 1598 284 alia
1631 252 1772 285 (jomm.
1805 254 1849 285 dt·

1034 297 1164 332 Cruce.
1207 309 1292 340 quac
1332 298 1490 331 habetur
1531 299 1637 332 [Γαῖα
1683 300 1847 333 secunda

1034 351 1121 388 post
1139 346 1376 379 Dominicam
1398 346 1431 378 in
1453 347 1572 380 Albis.
1590 348 1743 380 omissis
1764 347 1849 380 aliis

1034 395 1249 436 Communi,
1273 399 1309 427 ut
1337 405 1461 436 supra.

1290 484 1599 513 *Q*—

1062 579 1208 620 Feria
1235 580 1388 623 tertia
1414 582 1479 623 ad
1505 583 1818 627 matutinum.

1085 662 1130 700 In
1158 662 1372 711 Quadrag.
1408 662 1576 702 Invitat.
1612 662 1849 706 Jubilemus

1030 714 1145 765 Deo.
1166 719 1187 742 *
1205 715 1391 756 Salutari
1410 720 1573 758 nostro.

1082 778 1149 819 Ps.
1187 779 1350 831 Venite⁷
1379 782 1654 824 exsultemus.
1682 784 1719 824 2.

1083 847 1239 898 Hymn.
1268 847 1334 885 Ex
1358 858 1479 887 more
1499 845 1628 887 docti.
1654 852 1699 887 ut
1720 860 1847 898 supra

1031 902 1070 941 in
1091 903 1260 943 Domin.
1280 901 1317 942 2.

1081 967 1231 1019 Temp.
1263 968 1468 1008 Paschali.
1504 969 1622 1008 Iuvit.
1657 966 1848 1021 Alleluia,

1030 1021 1217 1073 alleluja,
1243 1026 1264 1048 *
1295 1022 1492 1076 Alleluia.

1083 1089 1238 1140 Hymn.
1259 1089 1353 1129 Rex
1369 1088 1640 1141 sempiterne.
1657 1093 1703 1128 ut
1718 1088 1846 1139 supra

1029 1144 1069 1183 in
1091 1144 1264 1185 Doinin.
1283 1145 1319 1185 3.

1083 1210 1180 1250 Ant.
1211 1210 1268 1251 Ut
1288 1223 1374 1251 non
1393 1209 1652 1263 delinquam.

1079 1277 1230 1329 Temp.
1259 1277 1468 1317 Pasehali.
1493 1278 1591 1319 Ant.
1616 1276 1809 1329 Alleluja.

1297 1363 1436 1403 l'salm
1444 1376 1492 1403 us
1520 1364 1583 1401 38.

1034 1434 1150 1475 *VX
1161 1429 1234 1470 ixi:
1263 1428 1516 1470 Custodiam
1543 1429 1633 1470 vias
1661 1443 1794 1472 meas:
1823 1432 1846 1456 *

1042 1486 1044 1531 ᾗ
1067 1484 1130 1541 ⁴4³}ss
1148 1474 1155 1534 ἶ
1186 1490 1233 1527 ut
1258 1498 1345 1526 non
1365 1485 1612 1537 delinquam
1637 1486 1679 1526 in
1704 1486 1847 1537 lingua

1040 1540 1153 1567 ΞἈ
1185 1554 1293 1583 mea.

1081 1598 1215 1639 Posui
1235 1597 1301 1639 ori
1319 1610 1418 1639 meo
1446 1597 1697 1649 custcffliam,
1712 1598 1735 1624 *
1751 1611 1847 1640 cum

1031 1656 1288 1696 consisteret
1349 1656 1556 1707 peccator
1618 1654 1846 1696 adversum

1029 1724 1110 1752 me.

1082 1766 1300 1816 Obmutui‚
1329 1771 1372 1808 et
1398 1766 1644 1809 humiliatus
1671 1780 1776 1817 sum,
1804 1772 1847 1808 et

1030 1823 1128 1864 silui
1154 1835 1180 1863 a
1206 1822 1346 1864 bonis:
1367 1823 1391 1848 *
1412 1828 1455 1864 et
1483 1823 1609 1865 dolor
1635 1836 1756 1865 meus
1783 1835 1845 1864 re-

1029 1881 1214 1920 novatus
1243 1883 1319 1920 est.

1081 1934 1308 1976 Conealuit
1341 1947 1418 1976 cor
1449 1948 1593 1976 meum
1623 1935 1735 1977 intra
1762 1947 1846 1976 me:

1029 1991 1053 2017 *
1068 1996 1111 2033 et
1126 1991 1170 2031 in
1184 1990 1466 2032 meditatione
1481 2004 1578 2033 mea
1594 1990 1845 2033 exardescet

1029 2047 1150 2098 ignis.

1080 2103 1274 2145 Locutus
1303 2115 1399 2144 sum
1433 2103 1476 2144 in
1506 2103 1649 2154 lingua
1684 2114 1794 2143 mea:
1821 2102 1844 2127 *

1028 2159 1193 2201 Notum
1238 2159 1306 2200 fac
1346 2158 1450 2199 mihi
1490 2159 1674 2200 Dumine
1714 2158 1845 2199 finem

1028 2228 1183 2257 meum.

1079 2272 1137 2313 Et
1180 2274 1406 2313 numerum
1445 2270 1611 2312 dierum
1649 2271 1845 2311 meorum

1030 2328 1126 2380 quis
1165 2332 1246 2369 est:
1280 2328 1303 2353 *
1334 2331 1383 2368 ut
1420 2326 1553 2367 sciam
1591 2324 1695 2377 quid
1732 2324 1845 2367 desit

1029 2383 1142 2424 mihi.

1080 2440 1194 2480 Ecce
1217 2437 1526 2480 mensurabiles
1546 2437 1729 2489 posuisti
1751 2436 1843 2478 dies

1027 2508 1165 2536 meos:
1197 2495 1220 2520 *
1255 2499 1298 2536 et
1333 2492 1573 2535 substantia
1607 2505 1704 2534 mea
1738 2498 1842 2534 tam-

1030 2563 1158 2603 quam
1186 2549 1362 2591 nihilum
1389 2553 1488 2590 ante
1514 2554 1569 2590 te.

1083 2609 1387 2648 Verumtamen
1402 2605 1604 2646 universa
1623 2603 1800 2653 vanitas,
1818 2603 1842 2629 *

1028 2662 1166 2704 omnis
1194 2661 1325 2702 homo
1352 2660 1511 2702 vivens.
