2066 2956
832 193 944 227 Festa
969 193 1128 236 Aprilis.
1153 194 1216 231 (26.
1241 193 1307 232 27.)

216 289 282 331 vis
315 290 414 341 justi
448 289 619 331 soleant
654 295 774 331 recte
805 289 1046 342 peccatori-

215 345 298 387 bus
318 344 557 396 dedignari.
584 345 672 387 Sed
688 344 809 387 aliud
827 350 906 396 est,
926 345 1046 398 quod

217 402 359 453 agitur
383 407 492 455 typo
517 402 753 455 superbiae,
781 402 900 444 aliud
925 401 1046 455 quod

216 458 312 500 zelo
333 458 590 511 disciplinae.

266 518 315 569 R:-
346 519 408 561 Os
428 532 564 560 suum.

496 587 647 627 Lectio
670 587 752 627 viii.

306 648 567 701 edignantur
583 651 754 700 etenim,
775 650 853 692 sed
870 663 957 692 non
973 650 1045 692 de-

327 705 573 758 dignantes:
594 707 842 761 desperant,
862 707 942 749 sed
957 720 1045 748 non

215 762 518 816 desperantes:
548 764 902 817 persecutionem
930 766 1044 806 com-

213 825 392 862 movent
416 820 495 862 sed
515 823 728 863 amantes:
755 822 857 874 quia
882 821 963 863 etsi
984 821 1044 862 fo-

213 877 273 917 ris
292 876 639 930 increpationem
665 891 744 931 per
768 878 1045 931 disciplinam

216 935 497 984 exaggerant,
529 935 645 976 intus
678 940 824 977 tamen
854 935 1044 977 dulcedi-

215 1003 314 1031 nem
340 1003 421 1043 per
448 991 677 1033 caritatem
706 998 892 1034 servant.
930 993 1045 1033 Prae-

215 1047 390 1099 ponunt
402 1047 485 1089 sibi
499 1048 544 1088 in
559 1049 703 1090 animo
718 1049 841 1102 ipsos
857 1049 1044 1102 plerum-

216 1116 312 1155 que,
333 1116 445 1156 quos
465 1105 724 1158 corripiunt3
749 1106 954 1147 meliores
974 1119 1044 1147 ex-

215 1160 409 1203 istimant
443 1174 520 1203 eos
557 1175 751 1214 quoque,
791 1176 902 1215 quos
939 1163 1044 1215 judi-

216 1222 327 1258 cant.
370 1217 500 1268 Quod
533 1218 737 1260 videlicet
770 1222 968 1272 agentes,
1003 1225 1045 1261 et

216 1286 297 1326 per
329 1273 603 1327 disciplinam
638 1275 857 1326 subditos,
891 1282 934 1318 et
966 1291 1046 1330 per

215 1329 504 1373 humilitatem
546 1332 802 1375 custodiunt
842 1337 1045 1387 semetip-

216 1399 301 1428 sos.

270 1451 319 1503 ῆι.
349 1450 561 1500 Regnum.

519 1524 671 1564 Lectio
693 1524 745 1564 ix.

219 1583 309 1689 Α
326 1589 479 1626 contra
499 1585 557 1654 ,hi'
583 1586 658 1638 qui
682 1586 738 1628 de
756 1586 866 1654 falsa
884 1586 1047 1638 justitia

329 1641 557 1694 superbire
577 1642 730 1692 solent,
751 1646 923 1684 ceteros
943 1655 1046 1696 quo-

219 1709 303 1749 que
318 1696 577 1751 despiciunt,
596 1699 714 1741 nulla
728 1700 1046 1742 infirmantibus

217 1754 518 1797 misericordia
549 1756 925 1799 condescendunt:
958 1770 1045 1810 quo

218 1823 265 1852 se
283 1814 542 1864 peccatores
565 1826 653 1855 non
677 1813 871 1863 credunt,
898 1827 951 1856 eo
975 1814 1046 1857 de·
1106 1809 1145 1863 ὲῙ-εἶ

217 1868 352 1909 terius
384 1872 643 1922 peccatores
677 1871 798 1912 fiunt.
842 1871 910 1913 De
941 1885 1045 1924 quo-

218 1938 313 1967 rum
332 1926 532 1978 profecto
552 1931 733 1970 numero
753 1928 960 1981 pharisaei
975 1942 1045 1971 ex-

218 1984 435 2034 stiterant,
470 1985 544 2037 qui
576 1984 865 2037 dijudicantes
895 1986 1044 2027 Domi-

218 2052 335 2089 num,
365 2039 485 2091 quod
506 2043 767 2094 peccatores
793 2044 1046 2095 susciperet,

218 2097 355 2138 arenti
379 2096 514 2139 corde
531 2098 678 2151 ipsum
696 2099 862 2141 fontem
880 2099 1044 2141 miseri-

219 2152 382 2194 cordiae
406 2154 798 2207 reprehendebant.
832 2155 919 2198 Sed
945 2157 1045 2209 quia

218 2210 322 2261 aegri
337 2216 471 2261 erant,
489 2212 550 2253 ita
569 2217 617 2254 ut
632 2225 775 2263 aegros
792 2225 839 2255 se
858 2226 956 2256 esse
974 2227 1044 2255 ne—

218 2268 388 2317 scirent,
407 2270 622 2319 quatenus
639 2269 759 2321 quod
774 2275 898 2312 erant
913 2273 1044 2322 agno-

217 2329 398 2373 scerent,
413 2324 605 2366 coelestis
621 2338 698 2368 eos
714 2325 911 2368 medicus
925 2327 1044 2369 blan-

218 2378 284 2420 dis
297 2378 501 2422 fomentis
517 2387 651 2432 curat,
670 2382 906 2434 benignum
921 2397 1043 2436 para-

219 2435 363 2486 digma
392 2436 556 2488 objicit,
586 2444 629 2481 et
656 2440 699 2480 in
728 2442 881 2481 eorum
908 2441 1043 2483 corde

217 2491 408 2534 vulneris
427 2497 643 2537 tumorem
663 2497 832 2549 premit.

272 2558 332 2599 Te
351 2557 493 2600 Deum
511 2560 750 2603 laudamus,

271 2635 373 2669 Intra
407 2636 597 2678 Quadrag.
631 2638 761 2672 Lectio
793 2639 840 2672 ix.
875 2638 1045 2673 Homilia

221 2683 267 2738 de
294 2683 420 2765 geria,
453 2684 590 2725 iunctis
619 2686 869 2720 Lectionibus
898 2687 977 2721 viii.
1010 2691 1046 2721 ct

222 2742 271 2766 1x.
329 2737 410 2766 estl.

1330 289 1414 331 Die
1433 290 1499 331 26.
1520 288 1696 342 Aprilis.

1098 358 1149 399 B.
1171 357 1347 400 Mariae
1366 358 1422 400 V.
1451 357 1512 398 de
1535 358 1674 400 Bono
1699 357 1929 400 Consilio.

1356 425 1511 469 Duplex
1535 426 1670 467 maius.

1153 487 1333 521 Officium
1365 492 1405 521 ut
1436 487 1534 521 inter
1563 487 1659 522 festa
1687 498 1759 532 pro
1791 488 1928 533 aliqui-

1097 536 1170 570 bus
1197 536 1293 570 locis
1319 536 1454 570 eadem
1480 535 1553 570 die.

1334 623 1419 665 Die
1437 623 1501 665 27.
1520 622 1697 676 Aprilis.

1160 693 1203 734 S.
1230 692 1461 734 Thuribii
1489 692 1550 733 de
1578 691 1868 743 Mogrovejo

1246 752 1391 805 Episc.
1420 758 1464 793 et
1493 751 1782 794 Confessoris.

1431 813 1597 857 Duplex.

1152 876 1290 911 Omnia
1324 876 1370 910 de
1405 876 1610 911 Communi
1643 876 1752 913 Conf.
1786 878 1926 914 Pontis.

1099 931 1241 969 praeter
1265 924 1477 968 sequentia.

1438 985 1603 1027 Oratio.

1184 1042 1389 1084 eclesiam
1414 1047 1551 1092 tuam,
1580 1042 1786 1093 Domine,
1812 1042 1932 1086 beati

1215 1098 1418 1140 Thuribii
1453 1099 1732 1141 Confessoris
1767 1100 1831 1142 tui
1868 1105 1929 1141 at-

1100 1169 1185 1208 que
1204 1155 1433 1198 Pontificis
1459 1158 1666 1197 continua
1691 1156 1930 1209 protectio-

1099 1226 1153 1255 ne
1173 1212 1361 1255 custodi:
1382 1217 1440 1262 ut,
1459 1212 1573 1254 sicut
1593 1212 1714 1254 illum
1733 1214 1929 1266 pastora-

1098 1269 1152 1310 lis
1177 1268 1430 1311 sollicitudo
1453 1268 1697 1320 gloriosum
1719 1267 1931 1319 reddidit;

1098 1325 1159 1368 ita
1177 1338 1258 1367 nos
1278 1326 1369 1377 ejus
1387 1325 1646 1368 intercessio
1666 1325 1710 1366 in
1726 1331 1806 1368 tuo
1821 1338 1931 1367 sem-

1098 1395 1178 1434 per
1210 1382 1343 1424 faciat
1375 1384 1525 1424 amore
1562 1382 1792 1424 ferventes.
1845 1381 1930 1424 Per

1099 1439 1335 1481 Dominum
1363 1444 1574 1481 nostrum.

1154 1510 1197 1543 In
1226 1509 1251 1543 1.
1282 1509 1482 1544 Nocturno
1514 1509 1720 1546 Lectiones
1754 1512 1802 1547 de
1834 1509 1933 1546 Seri-

1101 1563 1215 1602 ptura
1241 1562 1475 1593 occurrente.

1339 1629 1389 1668 In
1406 1628 1457 1667 II.
1477 1627 1701 1669 Nocturno.

1403 1693 1556 1735 Lectio
1576 1694 1629 1734 iv.

1174 1781 1202 1819 ,5
1226 1761 1424 1804 huribius
1456 1761 1735 1816 Alphonsus,
1769 1774 1823 1804 ex
1855 1763 1930 1804 no-

1107 1852 1144 1878 μ,
1177 1814 1218 1879 ,ξε
1242 1819 1319 1861 bili
1343 1819 1599 1871 Mogroveja
1624 1824 1754 1870 gente
1773 1819 1930 1871 Major-

1108 1888 1214 1899 -ki
1242 1889 1310 1927 gae
1336 1876 1380 1917 in
1404 1888 1541 1927 regno
1560 1876 1767 1927 Legionis
1789 1880 1931 1926 natus,

1098 1932 1351 1975 liberalibus
1376 1932 1620 1986 disciplinis
1640 1938 1684 1975 et
1703 1932 1784 1986 juri
1803 1934 1930 1974 cano-

1098 1990 1198 2032 nico
1234 1989 1484 2032 Vallisoleti
1518 1990 1724 2043 primum,
1771 1988 1931 2032 deinde

1098 2046 1376 2089 Salmanticae
1389 2047 1434 2088 in
1448 2046 1603 2099 majori
1617 2046 1805 2098 collegio
1819 2045 1930 2089 Ove-

1098 2104 1211 2145 tensi
1237 2103 1379 2146 sancti
1397 2103 1639 2146 Salvatoris
1662 2103 1726 2145 ita
1749 2105 1930 2156 operam

1098 2159 1236 2211 dedit,
1265 2165 1314 2203 ut
1340 2166 1488 2202 tamen
1515 2160 1736 2213 potiorem
1760 2161 1929 2213 tempo=

1098 2218 1156 2259 ris
1175 2223 1349 2271 partem
1371 2217 1560 2259 orationi
1578 2217 1762 2269 aliisque
1780 2217 1867 2270 piis
1886 2221 1931 2259 et

1098 2274 1346 2317 christianis
1384 2274 1604 2316 exercitiis
1642 2272 1929 2327 impenderet.

1097 2330 1150 2374 Id
1181 2331 1521 2384 comprobatum
1554 2336 1637 2381 est,
1670 2343 1770 2372 cum
1803 2332 1927 2372 emis-

1097 2401 1191 2430 sam
1209 2388 1253 2429 in
1278 2389 1370 2441 ejus
1394 2387 1643 2430 cubiculum
1661 2387 1929 2440 impudicam

1095 2445 1324 2487 mulierem
1370 2446 1622 2498 praecipuus
1667 2443 1928 2495 virginitatis

1097 2504 1292 2544 sectator
1305 2501 1524 2544 constanti
1542 2501 1688 2542 animo
1704 2499 1927 2552 extemplo

1096 2558 1273 2611 expulit.
1327 2557 1438 2600 Inde
1468 2557 1654 2611 jejuniis,
1690 2556 1851 2608 vigiliis
1884 2561 1928 2599 et

1095 2615 1264 2668 proprii
1289 2615 1490 2668 corporis
1514 2613 1801 2666 castigatione
1826 2625 1927 2655 con-

1094 2674 1218 2714 tinuo
1237 2672 1373 2714 vitam
1392 2672 1599 2721 exercuit,
1618 2675 1661 2713 et
1675 2669 1804 2713 nudis
1820 2682 1926 2722 quo-

1097 2742 1181 2782 que
1196 2728 1385 2783 pedibus
1401 2727 1746 2782 Compostellam
1760 2726 1817 2769 ad
1832 2740 1926 2769 san-
