2066 2956
520 210 697 244 Officium
724 210 898 242 votivum
924 209 969 242 dc
996 210 1029 242 5.
1056 208 1206 250 Joseph
1231 210 1386 252 Sponso
1412 208 1451 241 B.
1480 208 1524 241 M.
1548 208 1591 241 V.

197 308 386 349 animam
409 320 548 357 suam,
575 320 658 348 nec
683 307 840 359 juravit
859 307 904 348 in
923 307 1029 348 dolo

196 365 399 418 proximo
421 377 513 406 suo.

249 421 333 462 Hic
376 421 563 473 accipiet
606 420 961 462 benedictionem
1005 433 1030 460 a

196 477 403 518 Domino:
418 479 442 504 *
457 482 501 518 et
519 476 867 518 misericordiam
888 489 913 517 a
931 476 1029 517 Deo

197 534 378 575 salutari
399 546 491 574 suo.

249 591 359 631 Haec
388 595 455 631 est
483 589 710 641 generatio
742 589 1031 641 quaerentium

198 659 317 695 eum,
353 648 377 671 *
421 646 711 698 quaerentium
754 645 910 686 faciem
946 645 1031 685 Dei

197 702 347 744 Jacob.

250 758 453 800 Attollite
499 764 654 811 portas
693 757 919 811 principes
960 769 1030 798 ve-

198 820 327 865 stras,
360 820 404 857 et
429 815 661 856 elevamini
683 819 827 867 portae
850 815 1031 854 aeterna-

198 872 279 913 les:
297 872 322 898 *
342 877 386 913 et
404 870 601 913 introibit
620 871 718 912 Rex
738 870 902 921 gloriae.

251 928 359 978 Quis
387 933 453 969 est
473 928 556 969 iste
577 928 676 969 Rex
699 925 876 978 gloriae?
896 928 920 953 *
943 926 1031 966 Do-

197 985 340 1025 minus
368 984 494 1026 fortis
526 989 569 1025 et
604 989 780 1036 potens:
816 983 1033 1024 Dominus

199 1046 360 1094 potens
378 1041 422 1081 in
439 1040 606 1093 pra'elio.

251 1097 456 1139 Attollite
497 1102 651 1150 portas
693 1097 917 1149 principes
962 1108 1032 1136 ve-

200 1159 332 1203 stras,
375 1159 419 1195 et
456 1153 687 1195 elevamini
727 1157 871 1205 portae
909 1157 1032 1193 aeter-

198 1210 338 1252 nales:
366 1211 389 1236 *
418 1216 462 1252 et
490 1209 687 1251 introibit
714 1210 813 1250 Rex
841 1209 1003 1260 gloriae.

252 1267 359 1317 Quis
406 1273 473 1308 est
521 1267 604 1308 iste
646 1266 744 1308 Rex
784 1265 964 1316 gloriae?
1010 1266 1033 1290 *

199 1324 417 1364 Dominus
450 1323 663 1364 virtutum
699 1323 795 1376 ipse
833 1327 901 1363 est
937 1322 1033 1363 Rex

199 1379 363 1431 gloriae.

252 1440 352 1481 Ant.
387 1441 498 1482 Erat
527 1446 655 1493 pater
682 1440 788 1481 Jesu
820 1445 865 1481 et
894 1443 1035 1480 mater

198 1497 406 1539 mirantes
426 1510 560 1550 super
574 1496 642 1538 his
659 1509 758 1549 quae
775 1495 1035 1537 dicebantur

199 1553 256 1595 de
275 1553 366 1603 illo;
388 1559 432 1595 et
450 1553 675 1595 benedixit
692 1553 778 1594 illis
797 1552 985 1594 Simeon.

252 1606 301 1657 Y.
333 1610 544 1651 Invocavi
572 1610 829 1659 Dominum,
857 1609 1035 1650 Patrem

199 1666 376 1708 Domini
391 1666 488 1707 mei.
512 1669 563 1719 Rv.
581 1666 640 1708 Ut
654 1679 742 1707 non
758 1665 1036 1717 derelinquat

199 1735 269 1764 me
288 1722 331 1763 in
351 1721 422 1764 die
443 1722 752 1764 tribulationis.

199 1805 355 1847 Lectio
382 1804 523 1845 sancti
542 1804 770 1856 Evangelii
792 1803 1036 1845 secundum

527 1861 704 1902 Lucam.

304 1925 457 1966 Lectio
481 1926 548 1965 vii.
724 1925 827 1977 Cap.
842 1926 879 1965 3.
896 1938 930 1965 c.

247 1996 275 2023 n
302 1982 378 2024 illo
406 1984 626 2035 tempore:
654 1982 839 2024 Factum
868 1989 935 2025 est
963 1995 1034 2024 au-

273 2044 383 2089 tem,
421 2051 521 2080 cum
556 2038 856 2091 baptizaretur
893 2040 1035 2081 omnis

199 2095 394 2148 populus
450 2101 493 2137 et
546 2095 571 2135 J
574 2108 653 2136 esu
710 2095 937 2148 baptizato
992 2102 1035 2138 et

201 2154 372 2202 orante,
409 2153 612 2204 apertum
648 2156 717 2193 est
754 2152 926 2193 coelum.
978 2153 1036 2195 Et

202 2208 382 2261 reliqua.
622 2243 625 2246 >

202 2278 391 2319 Homilia
406 2278 548 2319 sancti
560 2277 797 2328 Augustini
811 2277 1034 2330 Episcopi.

297 2340 374 2374 Lib.
393 2342 444 2374 213.
463 2344 596 2375 contra
613 2340 742 2375 Faust.
761 2350 844 2383 cap.
861 2340 891 2373 7.
909 2340 942 2373 S.

208 2390 344 2459 f‘ic
372 2391 427 2432 de
460 2391 576 2433 coelo
605 2390 771 2455 dictum
802 2395 869 2454 est
902 2403 1034 2458 super

213 2482 301 2529 o
322 2447 1034 2555 ffissfflssffissssffigffizffifffii

200 2556 312 2599 bene
353 2559 619 2612 complacui:
661 2558 1034 2611 quemadmodum

202 2612 367 2655 dictum
404 2621 470 2657 est
508 2622 550 2658 et
587 2617 630 2657 in
663 2622 823 2658 monte.
877 2615 1035 2667 Neque

203 2670 316 2711 enim
336 2671 438 2721 quia
462 2677 505 2713 et
528 2672 589 2714 ibi
609 2672 664 2714 de
690 2672 804 2714 coelo
829 2685 918 2713 vox
939 2672 1035 2724 ipsa

203 2726 368 2774 sonuit,
404 2727 538 2768 Filius
570 2729 653 2770 Dei
686 2735 786 2771 ante
819 2741 906 2769 non
938 2728 1035 2770 fuit:

1084 305 1443 358 quandoquidem
1476 319 1531 348 ex
1562 309 1692 348 utero
1723 305 1918 357 Virginis

1082 362 1154 403 ille
1179 362 1350 416 accepit
1369 362 1555 404 formam
1574 362 1700 412 servi,
1725 361 1800 414 qui
1819 374 1918 404 cum

1082 418 1126 459 in
1154 418 1294 460 forma
1322 419 1408 460 Dei
1435 424 1572 469 esset,
1605 431 1691 460 non
1720 420 1919 471 rapinam

1084 474 1321 516 arbitratus
1358 481 1444 525 est,
1481 488 1579 517 esse
1616 488 1663 517 se
1701 474 1919 526 aequelem

1084 531 1193 572 Deo.
1213 531 1414 583 Denique
1430 530 1548 573 idem
1560 530 1806 584 Apostolus
1817 530 1920 571 Pau·

1083 587 1152 628 lus
1168 587 1254 628 alio
1268 587 1370 629 1000
1387 587 1663 640 apertissime
1674 586 1796 628 dicit:
1810 585 1920 627 Cum

1085 648 1231 685 autem
1268 644 1388 685 venit
1426 642 1658 696 plenitudo
1694 642 1920 696 temporis,

1084 700 1202 741 misit
1218 700 1339 741 Deus
1357 699 1517 741 Filium
1535 712 1664 741 suum
1681 699 1846 741 factum
1865 711 1921 740 ex

1084 756 1282 806 muliere,
1311 757 1476 798 factum
1503 755 1585 798 sub
1614 756 1727 807 lege,
1756 759 1804 797 ut
1831 767 1921 804 eos,

1086 813 1161 865 qui
1189 812 1271 854 sub
1299 813 1397 864 lege
1426 818 1566 862 erant,
1594 811 1846 862 redimeret,
1873 815 1923 853 ut

1086 869 1275 911 filiorum
1302 868 1589 922 adoptionem
1612 868 1922 922 reciperemus.

1085 927 1189 979 Ipse
1209 939 1315 977 ergo
1336 931 1403 967 est
1417 925 1553 967 Filius
1568 925 1662 974 Dei,
1683 925 1758 977 qui
1774 929 1819 966 et
1831 924 1920 966 Do-

1086 982 1229 1023 minus
1261 981 1408 1024 David
1442 981 1687 1024 secundum
1723 980 1922 1023 divinita-

1085 1044 1191 1089 tem,
1220 1044 1264 1081 et
1286 1037 1404 1080 idem
1426 1038 1523 1091 ipse
1541 1038 1679 1079 Filius
1697 1035 1844 1079 David
1867 1049 1922 1078 ex

1086 1096 1252 1136 semine
1272 1094 1419 1136 David
1439 1094 1681 1137 secundum
1700 1106 1887 1136 carnem.

1142 1153 1193 1204 R.
1215 1152 1240 1192 J
1243 1151 1384 1204 oseph
1402 1151 1465 1192 fili
1483 1149 1640 1201 David,
1659 1149 1752 1192 noli
1767 1149 1923 1192 timere

1087 1210 1290 1261 accipere
1315 1208 1500 1249 Mariam
1526 1208 1757 1260 coniugem
1785 1211 1924 1248 tuam:

1089 1264 1210 1316 quod
1230 1265 1345 1306 enim
1363 1265 1407 1305 in
1423 1277 1475 1306 ea
1493 1269 1646 1305 natum
1660 1268 1739 1314 est,
1758 1261 1814 1305 de
1828 1262 1922 1316 Spi-

1087 1321 1174 1362 ritu
1187 1325 1342 1362 sancto
1358 1326 1439 1362 est:
1454 1321 1598 1374 pariet
1612 1325 1760 1362 autem
1772 1319 1923 1369 filium,

1090 1379 1114 1403 *
1143 1378 1200 1419 Et
1233 1377 1416 1419 vocabis
1448 1389 1610 1419 nomen
1643 1377 1734 1429 ejus
1761 1375 1923 1418 Jesum.

1091 1429 1142 1481 Y.
1166 1434 1269 1487 Ipse
1295 1434 1408 1475 enim
1434 1433 1605 1474 salvum
1627 1432 1761 1474 faciet
1782 1434 1923 1486 popu-

1087 1489 1179 1531 lum
1212 1503 1339 1531 suum
1369 1502 1396 1531 a
1426 1489 1624 1543 peccatis
1657 1491 1822 1530 eorum.
1866 1488 1924 1531 Et

1088 1546 1283 1588 vocabis.

1384 1601 1535 1642 Lectio
1555 1601 1640 1641 viii.

1093 1643 1266 1767 Quod
1283 1661 1319 1702 si
1336 1659 1466 1702 nobis
1486 1658 1667 1701 credere
1686 1670 1776 1700 non
1791 1657 1923 1712 prod-

1201 1718 1338 1766 esset,
1381 1728 1470 1757 non
1506 1715 1592 1757 hoc
1628 1721 1720 1757 tam
1756 1716 1925 1756 attente

1087 1771 1206 1814 idem
1225 1772 1472 1825 Apostolus
1490 1770 1727 1813 Timotheo
1752 1775 1924 1812 comen-

1089 1828 1216 1870 daret
1226 1827 1392 1870 dicens:
1407 1828 1579 1870 Memor
1592 1831 1689 1869 esto
1702 1825 1925 1869 Christum

1088 1885 1113 1926 J
1116 1897 1240 1926 esum
1267 1886 1560 1926 resurrexisse
1586 1896 1612 1925 a
1638 1882 1841 1933 mortuis,
1869 1895 1926 1924 ex

1089 1941 1255 1983 semine
1273 1939 1435 1991 David,
1461 1940 1706 1982 secundum
1727 1939 1924 1990 Evange-

1088 1997 1195 2039 lium
1209 2011 1367 2039 meum.
1396 1996 1512 2048 Quid
1528 2009 1633 2048 ergo
1649 1997 1735 2049 jam
1747 1997 1926 2038 moveat

1089 2055 1230 2096 sancti
1249 2054 1478 2106 Evangelii
1502 2055 1779 2103 sectatorem,
1803 2051 1925 2104 quod
1995 2061 1999 2064 ”

1089 2111 1181 2152 sine
1200 2111 1439 2153 concubitu
1452 2110 1477 2151 J
1479 2110 1620 2163 oseph
1636 2109 1836 2151 Christus
1850 2121 1923 2150 na-

1089 2172 1160 2208 tus
1181 2179 1235 2208 ex
1254 2167 1449 2218 Virgine,
1474 2166 1591 2207 filius
1612 2171 1760 2208 tamen
1778 2164 1924 2206 David

1089 2223 1353 2277 appellatur,
1379 2236 1480 2265 cum
1502 2222 1835 2273 generationum
1860 2222 1924 2262 se·

1089 2280 1199 2321 riem
1230 2293 1319 2321 non
1351 2292 1491 2331 usque
1524 2278 1582 2320 ad
1608 2279 1812 2327 Mariam,
1845 2276 1925 2318 sed

1088 2349 1229 2388 usque
1255 2335 1313 2377 ad
1331 2336 1356 2376 J
1358 2335 1498 2388 oseph
1522 2335 1759 2377 Matthaeus
1782 2334 1922 2375 Evan-

1088 2392 1246 2443 gelista
1268 2391 1508 2445 perducat?
1544 2391 1692 2432 Primo
1713 2390 1816 2443 quia
1836 2402 1922 2430 ma-

1090 2448 1161 2490 riti
1204 2449 1295 2500 ejus
1339 2447 1483 2489 fuerat
1527 2452 1712 2500 propter
1754 2445 1923 2487 virilem

1090 2518 1243 2546 sexum
1263 2505 1410 2557 potius
1434 2502 1694 2546 honoranda
1717 2504 1924 2555 persona:

1090 2574 1233 2613 neque
1270 2561 1387 2602 enim
1424 2560 1526 2613 quia
1562 2559 1802 2601 concubitu
1833 2571 1922 2600 non

1088 2619 1344 2670 permixtus,
1369 2615 1471 2658 ideo
1492 2628 1580 2658 non
1604 2617 1798 2663 maritus,
1823 2627 1922 2656 cum

1087 2674 1183 2726 ipse
1215 2673 1453 2715 Matthaeus
1484 2676 1632 2713 narret
1663 2671 1718 2713 ab
1749 2670 1922 2722 Angelo

1089 2730 1271 2771 Mariam
1305 2730 1534 2782 conjugem
1561 2728 1699 2781 ipsius
1729 2726 1922 2780 appella-
