2066 2956
225 197 323 243 [268]
513 201 687 235 Officium
717 202 887 235 votivum
915 203 959 235 dc
988 202 1233 236 Immaculata
1260 203 1443 246 Concept.
1473 204 1510 237 B.
1537 205 1582 238 M.
1612 205 1652 238 V.

418 298 531 340 Pro
577 298 860 341 Sabbata

451 366 626 399 Officium
646 366 820 399 votivum

225 414 286 455 de
309 415 569 457 Immacul.
591 415 820 467 concept.
842 417 895 481 Β.
917 416 980 457 Μ.
998 416 1056 457 V.

508 479 769 521 Semiduplcx.

1163 294 1211 346 Y.
1256 298 1543 341 Immaculata
1579 299 1822 352 Conceptio
1863 304 1940 342 tua

1109 355 1193 397 Dei
1222 355 1423 398 Genitrix
1447 356 1600 407 Virgo.
1642 361 1690 411 R*-
1718 355 1939 398 Gaudium

1110 412 1381 455 annuntiavit
1398 412 1603 455 universo
1623 411 1800 455 mundo.

1163 479 1230 521 Ad
1252 480 1423 529 Magnis.
1455 481 1548 521 Ant.
1586 480 1766 521 Beatam
1787 491 1857 521 me
1877 478 1938 521 di-

277 534 361 566 ληῐ.
395 534 442 567 (le
477 535 674 570 Laudibus
709 530 819 575 [273],
849 537 907 570 l's.
943 542 981 569 ut
1016 536 1051 569 in
1109 538 1209 576 cent
1240 535 1264 561 *
1295 547 1447 576 omnes
1478 534 1801 587 generafidnes‚
1837 535 1940 587 quia

223 580 348 614 Fusiis
379 582 414 615 13.
443 583 486 616 M.
517 584 556 618 Y.
584 596 652 628 per
678 595 828 643 annum.
853 578 944 622 [152]
1109 590 1212 632 fecit
1236 591 1343 632 mihi
1370 603 1545 643 magna,
1579 591 1653 644 qui
1677 597 1837 645 potens
1862 596 1939 642 eSt,

301 639 561 689 Capitulum.
740 642 863 680 Prov.
884 644 918 679 Η.
941 655 973 680 c.
1108 647 1291 699 allelfija,

310 697 481 739 dminus
517 697 717 750 possedit
751 710 822 739 me
854 697 899 738 in
931 697 1054 739 illl'fiO
1161 711 1293 743 Oratio
1319 716 1357 743 ut
1380 710 1428 743 ad
1454 710 1617 744 Laudes.
1639 704 1730 749 [273]

312 753 1056 807 viarumsuarum,eintequamquid-
1160 758 1221 791 Ad
1255 759 1559 801 Complctorium
1596 765 1631 792 et
1672 758 1769 792 alias
1800 758 1938 794 Horas.

223 823 354 862 quam
373 811 538 853 faceret
556 824 582 853 a
598 811 826 864 principio·
851 810 923 852 Ab
938 811 1056 852 aeoer.
1109 806 1144 838 in
1172 807 1243 839 linc
1271 807 1441 840 omnium
1466 806 1708 850 Hymnorum
1734 806 1890 841 dicitur:

221 879 278 908 no
307 868 510 910 ordinata
542 881 653 918 sum,
689 873 732 909 et
765 880 820 909 ex
852 867 1054 919 antiquis,
1187 859 1208 898 J
1213 869 1301 907 esu,
1311 857 1401 922 ‘fibi
1421 857 1478 900 Sit
1495 857 1647 908 gloria,
1681 902 1711 926 ‚⁷
1745 914 1754 923 ⁸

222 926 460 977 antequam
494 929 614 966 terra
649 925 786 967 fieret.
842 923 1054 966 Nondum
1238 914 1323 964 Qm
1340 918 1469 956 ssatus
1489 927 1536 956 CS
1556 914 1611 956 de
1632 914 1825 966 V1rg1ne.

222 986 344 1022 erant
369 981 530 1033 abyssi,
557 987 601 1024 et
625 994 707 1033 ego
731 982 817 1034 jam
836 982 1053 1033 concepta
1270 995 1359 1037 Ad
1385 995 1774 1037 Matutinum,

221 1050 351 1079 eram·
1162 1066 1283 1107 Invit.
1319 1062 1651 1104 Immaculatam
1678 1063 1938 1116 Conceptie-

1106 1131 1207 1160 nem
1238 1119 1434 1171 Virginis
1466 1119 1618 1161 Mariae
1649 1119 1939 1162 celebremus:

1108 1182 1129 1203 *
1157 1175 1379 1220 Christum
1405 1177 1496 1229 ejus
1519 1176 1678 1220 Filium
1702 1176 1938 1219 adoremus

1105 1232 1354 1274 Dominum.

531 1088 738 1138 Hymnus.

376 1161 430 1189 ve
450 1148 582 1189 maris
602 1147 740 1197 stella,

402 1205 486 1246 Dei
505 1205 646 1247 Mater
668 1204 793 1255 alma,

349 1261 498 1314 Atque
517 1275 692 1315 semper
709 1262 861 1314 Virgo,

348 1318 474 1360 Felix
496 1319 597 1360 coeli
615 1323 756 1372 porta.

297 1386 481 1425 Sumens
500 1383 609 1426 illud
628 1384 726 1426 Ave

349 1439 568 1482 Gabrielis
588 1453 679 1490 ore,

348 1496 503 1539 Funda
522 1510 604 1539 nos
623 1497 667 1538 in
685 1510 808 1551 pace,

346 1554 522 1596 Mutans
541 1555 681 1596 Hevae
700 1567 871 1596 nomen.

301 1619 432 1661 Solve
452 1620 595 1662 vincla
613 1621 710 1669 reis,

346 1677 502 1719 Profer
520 1677 668 1719 lumen
688 1677 829 1727 caecis,

348 1733 464 1789 Mala
483 1738 635 1775 nostra
653 1734 780 1787 pelle,

349 1790 473 1831 Bona
492 1796 650 1832 cuncta
668 1803 816 1844 posce.

300 1857 493 1897 Monstra
512 1860 556 1897 te
577 1869 674 1897 esse
692 1861 889 1905 matrem,

347 1912 498 1954 Sumat
516 1925 596 1965 per
616 1917 659 1954 te
678 1925 845 1965 preces

347 1970 432 2020 Qui
452 1982 534 2022 pro
554 1969 682 2011 nobis
700 1975 840 2019 natus,

346 2026 468 2068 Tulit
489 2039 586 2068 esse
605 2031 718 2068 tuus.

298 2091 435 2142 Virgo
456 2091 697 2143 singularis,

347 2148 467 2189 Inter
487 2161 641 2190 omnes
660 2147 788 2197 mitis,

345 2204 441 2246 Nos
462 2204 603 2258 culpis
623 2205 795 2246 solutos

345 2261 475 2303 Mites
495 2262 564 2303 fac
583 2267 628 2304 et
646 2266 804 2303 castos.

300 2326 441 2367 Vitam
459 2332 624 2379 praesta
642 2340 808 2380 puram,

345 2383 436 2424 Iter
454 2396 563 2436 para
581 2388 735 2434 tutum,

346 2439 406 2481 Ut
423 2439 625 2482 videntes
644 2440 668 2481 J
672 2453 795 2482 esum

345 2495 528 2548 Semper
548 2497 831 2539 collaetemur.

297 2560 360 2601 Sit
378 2561 472 2602 laus
491 2562 588 2603 Deo
607 2563 738 2612 Patri,

346 2617 524 2659 Summo
546 2618 720 2660 Christo
744 2618 890 2667 decus

347 2673 525 2725 Spiritui
545 2680 709 2724 saneto,

346 2729 509 2771 Tribus
527 2730 668 2772 honor
687 2744 809 2772 unus.
834 2732 987 2772 Amen.

1165 1294 1231 1333 Ps.
1252 1295 1419 1344 Venite,
1440 1294 1720 1337 exsultemus.
1738 1296 1776 1336 2.

1420 1359 1631 1409 Hymnus.

1239 1426 1423 1468 raeclara
1443 1431 1593 1468 custos
1613 1427 1839 1478 virginum,

1257 1483 1429 1525 Intacta
1446 1488 1589 1525 mater
1605 1483 1819 1533 Numinis,

1209 1539 1413 1582 Coelestis
1432 1540 1544 1582 aulae
1563 1540 1702 1593 janua,

1207 1596 1319 1649 Spes
1338 1602 1501 1646 nostra,
1520 1596 1622 1638 coeli
1639 1595 1857 1648 gaudium.

1157 1663 1275 1703 Inter
1293 1661 1449 1704 rubeta
1468 1661 1615 1713 lilium,

1209 1717 1425 1760 Columba
1443 1719 1771 1768 formosissima,

1205 1774 1342 1826 Virga
1363 1788 1387 1817 e
1405 1775 1554 1817 radice
1573 1775 1820 1827 germinans
1877 1794 1886 1806 ’-

1205 1830 1372 1874 Nostro
1391 1831 1610 1874 medelam
1629 1831 1807 1873 valneri.

1160 1897 1305 1938 Turris
1326 1896 1506 1939 draceni
1524 1897 1747 1950 impervia,

1206 1953 1362 1995 Amica
1381 1953 1510 2010 stella
1527 1954 1759 2006 nanragis,

1205 2009 1350 2052 Tuere
1369 2023 1451 2053 nos
1471 2024 1496 2052 a
1515 2009 1753 2060 fratidibus,

1205 2066 1390 2120 Tuaque
1409 2067 1506 2109 luce
1526 2066 1676 2119 dirige.

1158 2133 1329 2174 Erreris
1348 2132 1526 2175 umbras
1546 2132 1727 2181 discute,

1204 2190 1354 2241 Syrtes
1374 2188 1551 2231 dolesas
1571 2190 1738 2236 amove,

1204 2246 1385 2288 Fluctus
1404 2251 1472 2288 tot
1490 2246 1612 2295 inter,
1632 2244 1772 2287 deviis

1204 2303 1366 2344 Tutam
1386 2301 1566 2344 rechide
1586 2301 1796 2343 semitam.

1158 2368 1270 2417 Jesu,
1289 2367 1370 2410 tibi
1388 2367 1444 2409 sit
1462 2367 1612 2418 gloria,

1205 2423 1289 2474 Qui
1307 2429 1435 2465 natus
1456 2436 1503 2464 es
1523 2422 1579 2464 de
1596 2422 1790 2473 Virgine,

1205 2480 1315 2522 Cum
1333 2480 1464 2521 Patre
1484 2484 1527 2520 et
1546 2478 1662 2520 almo
1681 2478 1855 2531 Spiritu,

1203 2538 1254 2578 In
1280 2536 1547 2589 sempiterna
1571 2535 1744 2577 saecula.
1778 2534 1931 2590 Amen.

1354 2616 1403 2654 In
1421 2616 1450 2654 1.
1471 2616 1693 2654 Nocturno.

1161 2678 1257 2718 Ant.
1299 2674 1568 2717 Admirabile
1605 2679 1673 2716 est
1709 2676 1733 2701 *
1770 2687 1929 2716 nomen

1099 2737 1222 2773 tuum
1255 2732 1443 2773 Demine
1481 2731 1525 2772 in
1562 2731 1764 2772 universa
1799 2736 1929 2781 terra,
