2066 2956
646 178 822 213 Officium
847 189 1007 221 parvum
1032 179 1073 213 B.
1098 179 1230 213 Mariae
1254 179 1357 221 Vir-g.

207 274 331 315 Tunc
351 273 496 316 dicent
517 273 630 314 inter
649 272 828 314 Gentes:
846 273 870 298 *
888 272 976 313 Ma-

155 330 378 381 gnificavit
416 329 633 371 Dominus
682 328 826 371 facere
878 341 977 370 cum

156 399 229 427 e1s.

205 442 501 494 Magnificavit
513 441 729 483 Dominus
743 441 888 483 facere
903 453 976 482 no-

155 499 340 541 biscum:
357 499 382 525 *
400 499 504 540 facti
522 511 670 540 sumus
688 497 900 539 laetantes.

206 555 422 598 Converte
452 555 640 596 Domine
677 554 977 607 captivitatem

154 616 361 663 nostram,
376 612 400 638 *
421 612 533 654 810111
551 616 723 653 10110118
742 611 786 651 111
800 610 976 652 Austro.

207 668 291 719 Qui
305 669 518 711 seminant
532 668 576 709 in
589 667 791 717 lacrimis,
805 667 829 693 *
847 667 891 707 in
906 680 976 708 ex-

155 724 388 767 sultatione
406 729 581 768 metent.

206 781 372 823 Euntes
386 781 507 823 ibant
521 786 566 823 et
580 779 753 830 flebant,
765 779 790 806 *
808 779 976 821 mitten-

155 842 223 879 tes
242 838 407 879 semina
426 850 514 879 sua.

205 893 443 936 Venientes
483 898 629 936 autem
664 892 839 934 venient
878 905 977 933 cum

156 949 460 1001 exsultatione,
478 950 502 976 *
533 951 761 1003 portantes
783 951 977 1001 manipu-

155 1006 223 1048 los
242 1019 356 1048 suos.

208 1062 359 1105 Gloria
375 1062 505 1105 Patri.

414 1120 612 1161 Psalmus
631 1121 716 1161 126.

152 1169 303 1276 Nisi
333 1180 549 1221 Dominus
583 1178 868 1220 aedificaverit
903 1177 976 1219 do—

266 1250 401 1287 mum,
428 1236 452 1263 *
484 1236 528 1277 in
559 1248 719 1277 vanum
753 1234 977 1277 laborave-

154 1297 256 1334 runt
274 1293 350 1345 qui
368 1292 587 1335 aedificant
606 1305 713 1334 eam.

204 1349 302 1390 Nisi
319 1349 444 1390 Dfius
467 1348 726 1390 custodierit
745 1347 978 1398 civitatem,

155 1405 179 1431 *
202 1405 364 1447 frustra
385 1404 537 1456 vigilat
557 1404 631 1457 qui
653 1403 848 1446 custodit
871 1416 978 1445 eam.

206 1461 381 1503 Vanum
421 1466 489 1503 est
529 1460 656 1502 vobis
699 1465 800 1502 ante
835 1460 978 1501 lucem

156 1521 351 1570 surgere:
370 1518 394 1544 *
412 1518 578 1569 surgite
599 1521 837 1570 postquam
856 1515 977 1558 sede-

154 1574 269 1671 fitis,
307 1574 382 1626 qui
413 1573 688 1616 manducatis
715 1585 874 1626 panem
901 1572 976 1614 do-

172 1630 272 1672 oris.

208 1687 318 1728 Cum
358 1686 530 1728 dederit
571 1685 743 1727 dilectis
784 1685 874 1726 suis
910 1697 977 1725 so-

154 1752 318 1780 mnum:
344 1738 368 1765 *
397 1751 500 1781 ecce
532 1737 768 1779 haereditas
799 1737 978 1778 Domini

154 1794 249 1836 fflii:
267 1807 447 1845 merces,
465 1794 633 1836 fructus
650 1793 827 1835 ventris.

206 1851 328 1893 Sicut
351 1853 522 1903 sagittae
547 1851 592 1891 in
614 1863 746 1891 manu
769 1849 978 1902 potentis:

155 1906 180 1933 *
198 1907 260 1949 ita
278 1907 358 1948 filii
377 1909 669 1949 excussorum.

208 1963 371 2005 Beatus
395 1963 462 2004 vir
487 1963 562 2016 qui
585 1961 783 2015 implevit
810 1961 978 2003 deside-

156 2019 269 2060 rium
287 2032 413 2061 suum
437 2032 491 2061 ex
513 2019 636 2072 ipsis:
654 2018 678 2044 *
697 2030 785 2059 non
802 2017 978 2059 confun-

157 2075 285 2117 detur
313 2088 412 2116 cum
437 2075 642 2128 loquetur
674 2073 860 2115 inimicis
888 2073 978 2114 suis

156 2132 201 2172 in
225 2135 364 2184 porta.

210 2192 362 2233 Gloria
380 2191 509 2233 Patri.

418 2247 615 2287 Psalmus
636 2247 717 2286 127.

155 2297 326 2403 Beati
357 2320 528 2357 omnes,
564 2306 639 2359 qui
668 2306 822 2348 timent
852 2306 980 2356 Dfim‚

258 2365 282 2391 *
311 2364 384 2416 qui
414 2362 638 2405 ambulant
663 2363 707 2403 in
734 2362 814 2403 viis
843 2363 944 2414 ejus.

207 2419 402 2462 Labores
434 2421 637 2461 manuum
672 2420 847 2460 tuarum
879 2418 980 2470 quia

157 2475 456 2518 manducabis:
480 2477 504 2503 *
527 2475 683 2517 beatus
710 2487 771 2524 08,
800 2478 844 2516 01
866 2473 980 2515 bene

157 2531 236 2574 tibi
255 2532 346 2574 erit.

207 2588 328 2630 Uxor
348 2593 425 2630 tua
445 2588 557 2630 sicut
574 2587 676 2630 vitis
696 2586 933 2636 abundans,
954 2586 979 2612 *

156 2643 200 2684 in
218 2643 425 2686 lateribus
444 2644 600 2686 domus
619 2648 718 2684 tuae.

1765 176 1855 221 [175]

1081 271 1180 312 Filii
1200 271 1264 313 tui
1287 272 1400 314 sicut
1422 272 1607 314 novellae
1631 272 1854 322 olivarum,

1030 329 1054 355 *
1071 327 1116 369 in
1135 327 1318 370 circuitu
1335 341 1499 370 mensae
1517 334 1617 371 tuae.

1081 385 1197 426 Ecce
1231 385 1294 426 810
1327 384 1612 428 benedicetur
1643 386 1797 434 homo,
1831 387 1854 413 *

1032 442 1106 494 qui
1129 442 1254 483 timet
1275 442 1523 483 Dominum.

1081 498 1322 540 Benedicat
1339 498 1419 540 tibi
1433 498 1648 540 Dominus
1668 512 1722 540 ex
1738 499 1855 541 Sion:

1030 557 1054 583 *
1079 560 1123 597 et
1145 555 1297 597 videas
1321 555 1438 597 bona
1457 555 1698 597 Jerusalem
1722 556 1855 598 omni-

1030 612 1112 653 bus
1132 611 1286 654 diebus
1305 612 1408 653 vitae
1427 617 1526 653 tuae.

1081 668 1139 709 Et
1158 668 1309 710 videas
1327 667 1442 709 filios
1460 668 1649 709 filiorum
1668 670 1854 718 tuorum,

1030 726 1054 751 *
1072 738 1228 779 pacem
1248 738 1380 778 super
1397 725 1545 766 Israel.

1082 786 1235 828 Gloria
1251 786 1382 828 Patri.

1083 851 1183 891 Ant.
1209 846 1393 888 Pulchra
1418 859 1476 896 eS‚
1503 851 1547 888 et
1570 845 1741 895 decora,
1766 845 1856 886 filia

1030 903 1288 945 Jerusalem:
1311 902 1519 945 terribilis
1542 908 1590 945 ut
1613 904 1856 944 castrorum

1031 960 1147 1001 acies
1166 959 1379 1001 ordinata.

1081 1023 1339 1075 Capitulum.
1531 1022 1659 1062 Eccli.
1678 1022 1742 1060 24.
1762 1021 1801 1061 b.

1077 1095 1107 1122 n
1134 1081 1293 1134 plateis
1323 1081 1436 1122 sicut
1465 1080 1786 1122 cinnamomum
1814 1084 1857 1121 et

1095 1137 1340 1179 balsamum
1363 1138 1653 1178 aromatizans
1674 1135 1857 1178 odorem

1031 1193 1151 1235 dedi:
1195 1194 1320 1246 quasi
1359 1193 1536 1246 myrrha
1578 1192 1718 1234 electa
1755 1191 1858 1234 dedi

1031 1251 1290 1292 suavitatem
1318 1250 1478 1292 odoris.

1082 1308 1133 1359 R.
1160 1307 1256 1348 Deo
1276 1307 1450 1358 gratias

1082 1364 1132 1414 V.
1158 1368 1267 1409 Post
1290 1372 1464 1420 partum
1484 1367 1624 1417 Virgo
1648 1366 1858 1408 inviolata

1030 1424 1320 1477 permansisti.
1372 1424 1419 1475 R».
1455 1424 1540 1465 Dei
1568 1423 1769 1465 Genitrix
1795 1424 1856 1464 in-

1030 1480 1208 1522 tercede
1226 1492 1308 1532 pro
1326 1479 1465 1521 nobis.

1082 1541 1218 1593 Kyrie
1249 1540 1424 1582 eleison.
1478 1540 1651 1582 Christe
1682 1540 1856 1582 eleison.

1030 1598 1164 1651 Kyrie
1184 1597 1359 1639 eleison.

1082 1653 1132 1705 V.
1169 1657 1385 1698 Dominus
1420 1656 1659 1699 vobiscum.
1713 1658 1761 1707 Rg.
1799 1657 1855 1698 Et
1901 1659 1904 1663 ’

1031 1727 1131 1756 cum
1149 1714 1305 1766 spiritu
1323 1718 1411 1755 tuo.

1365 1778 1527 1818 Oratio.

1117 1830 1360 1872 amulorum
1387 1832 1577 1879 tuorum,
1607 1831 1857 1882 quaesumus

1125 1887 1334 1937 Domine,
1371 1886 1540 1928 delictis
1577 1886 1774 1938 ignosce:
1811 1890 1858 1927 ut

1032 1943 1107 1995 qui
1129 1943 1210 1986 tibi
1231 1943 1405 1996 placere
1426 1942 1481 1985 de
1505 1942 1674 1984 actibus
1695 1943 1858 1983 nostris

1031 2012 1119 2041 non
1149 1999 1364 2050 valemus,
1401 1999 1635 2041 Genitricis
1665 1998 1764 2039 Filii
1794 1998 1858 2039 tui

1031 2056 1210 2097 Domini
1227 2056 1368 2097 nostri
1387 2055 1700 2097 intercessione
1721 2054 1856 2095 salve-

1031 2125 1143 2154 mur:
1164 2113 1248 2164 Qui
1266 2117 1412 2154 tecum
1430 2112 1536 2154 vivit
1555 2116 1599 2153 et
1616 2115 1780 2162 regnat.

1216 2173 1436 2225 Tempore
1460 2172 1670 2213 Paschali.

1083 2233 1259 2268 Officium
1284 2233 1324 2267 B.
1348 2233 1480 2267 Marito
1504 2232 1643 2266 dicitur
1664 2234 1704 2264 ut
1727 2241 1854 2273 supra.

1032 2281 1101 2314 sed
1115 2281 1163 2315 ad
1177 2281 1421 2318 Benedictus,
1439 2281 1488 2314 ad
1502 2279 1731 2322 Magnificat,
1751 2283 1787 2312 et
1805 2279 1853 2312 ad

1031 2328 1141 2363 Nunc
1159 2329 1330 2371 dimittis,
1349 2329 1488 2363 dieitur
1505 2336 1670 2370 sequens

1083 2376 1182 2418 Ant.
1210 2377 1378 2433 Regina
1396 2375 1512 2426 coeli,
1531 2375 1737 2433 *·laetare‚
1756 2375 1856 2418 alle-

1032 2433 1134 2485 luja:
1163 2434 1264 2486 quia
1293 2445 1422 2485 quem
1446 2431 1642 2473 meruisti
1669 2434 1857 2484 portare,

1033 2489 1221 2542 alleluja:
1246 2488 1493 2538 resurrexit,
1518 2488 1631 2529 sicut
1654 2487 1775 2539 dixit,
1799 2489 1856 2530 al-

1031 2545 1176 2598 leluja:
1205 2559 1281 2587 ora
1307 2557 1389 2597 pro
1413 2544 1543 2586 nobis
1566 2545 1719 2596 Deum,
1746 2545 1858 2587 allel.

1080 2603 1317 2648 Antiphonis
1341 2607 1481 2640 autem,
1504 2597 1586 2643 ῩῩ.
1611 2606 1648 2637 et
1671 2603 1750 2646 RB..
1775 2614 1852 2637 non

1031 2651 1185 2686 additur
1208 2652 1247 2685 in
1268 2651 1340 2684 fine
1370 2649 1547 2693 Alleluia.

745 2719 1113 2756 -ὲκεῆῶᾲὴκ
