2028 2892
730 184 840 217 Furia
865 194 898 216 Υ.
927 184 961 216 in
989 184 1109 215 (huna
1136 182 1301 215 Domini.

210 280 381 321 Memor
405 284 501 321 esto
525 279 666 331 hujus,
691 280 891 321 inimicus
914 278 990 318 im-

159 335 416 388 properavit
443 335 650 377 Domino:
676 337 700 361 *
729 341 772 377 et
799 334 991 387 populus

159 391 369 443 insipiens
389 391 587 432 incitavit
606 404 767 433 nomen
786 397 919 432 tuum.

213 447 281 488 Ne
309 446 459 488 tradas
486 446 639 488 bestiis
666 448 833 489 animas
860 445 991 487 confi—

158 505 302 545 tentes
325 502 420 551 tibi,
439 503 462 528 *
484 508 528 544 et
555 503 721 544 animas
746 506 991 556 pauperum

159 561 337 600 tuorum
355 571 410 600 ne
431 558 706 600 obliviscaris
725 559 769 599 in
788 559 930 599 finem.

211 615 402 667 Respice
423 615 467 654 in
486 617 798 656 testamentum
816 620 953 655 tuum:
968 614 991 638 *

162 671 265 724 quia
302 670 459 723 repleti
495 676 611 720 sunt,
656 671 731 722 qui
767 669 991 712 obscurati

159 733 260 769 sunt
278 732 410 768 terrae
430 726 633 768 domibus
652 727 939 779 iniquitatum.

210 784 280 825 Ne
301 785 523 824 avertatur
542 783 717 823 humilis
732 783 873 823 factus
891 794 990 823 con-

160 841 297 881 fusus:
313 840 335 864 *
352 852 521 891 pauper
541 844 584 880 et
603 839 730 891 inops
749 837 992 879 laudabunt

158 908 319 938 nomen
337 900 471 936 tuum.

112 995 113 999 ,
211 952 410 1002 Exsurge
448 952 587 1002 Deus,
632 951 777 1003 judica
813 963 992 992 causam

160 1014 294 1050 tuam:
318 1008 341 1033 *
370 1021 539 1049 memor
573 1012 668 1049 esto
701 1007 990 1060 improperio-

160 1078 256 1106 rum
277 1067 471 1113 tuorum,
507 1066 660 1106 eorum
687 1077 786 1116 quae
812 1064 866 1106 ab
892 1063 991 1104 insi-

159 1121 307 1173 piente
327 1125 428 1161 sunt
446 1125 541 1161 tota
561 1120 642 1161 die.

212 1177 280 1218 Ne
318 1176 591 1218 obliviscaris
628 1188 761 1217 voces
797 1175 992 1216 inimico-

160 1246 257 1274 rum
293 1234 482 1273 tuorum:
519 1234 543 1259 *
580 1231 787 1284 superbia
823 1233 991 1285 eorum,

163 1288 236 1340 qui
255 1293 298 1330 te
319 1288 519 1338 oderunt,
538 1287 734 1329 ascendit
752 1300 938 1340 semper.

216 1355 315 1393 Ant.
345 1353 544 1404 Exsurge
563 1352 767 1402 Domine,
787 1357 832 1394 et
850 1352 993 1404 judica

163 1421 339 1449 causam
358 1421 512 1450 meam.

217 1470 263 1518 Υ.
283 1473 404 1514 Deus
422 1486 546 1515 meus
567 1474 688 1526 eripe
706 1486 777 1515 me
792 1473 847 1515 de
861 1486 993 1514 manu

162 1529 422 1580 peccatoris.
458 1530 507 1580 Ru
533 1530 590 1571 Et
613 1530 669 1572 de
689 1543 821 1571 manu
840 1533 994 1571 contra

163 1584 305 1636 legem
326 1585 505 1636 agentis,
525 1591 569 1627 et
587 1586 735 1638 iniqui.

224 1645 347 1686 Pater
366 1651 528 1687 noster.
545 1652 727 1686 secreto.

167 1724 233 1763 lfix
252 1722 465 1763 Tractatu
486 1723 626 1764 sancti
644 1722 878 1773 Augustini
896 1723 996 1775 Epi-

326 1778 451 1830 scopi
471 1791 604 1830 super
622 1778 836 1820 Psalmos.

286 1846 324 1878 [n
353 1845 544 1877 psalmum
570 1846 620 1877 34.
648 1845 695 1878 ad
725 1846 749 1879 1.
775 1856 872 1879 vers

470 1900 621 1940 Lectio
644 1900 696 1940 iv.

262 1986 269 2003 κ.
283 1957 415 1999 xaudi
434 1958 556 1998 Deus
576 1958 821 1999 orationem
843 1971 997 2007 meam,

175 2059 180 2066 ,Ἰ
205 2015 272 2071 4-
300 2018 344 2055 et
367 2026 422 2055 ne
447 2013 702 2065 despexeris
728 2013 998 2066 deprecatio-

276 2076 277 2080 ’
298 2082 399 2111 nem
418 2082 575 2110 meam:
603 2070 781 2111 intende
805 2069 926 2119 mihi,
956 2076 999 2112 et

168 2125 327 2167 exaudi
346 2138 427 2167 me.
460 2125 722 2176 Satagentis,
747 2126 936 2175 solliciti,
955 2127 998 2167 in

166 2180 449 2223 tribulatione
466 2182 611 2233 positi,
630 2181 766 2223 verba
786 2187 886 2223 sunt
905 2183 998 2224 ista.

169 2236 277 2278 Orat
295 2238 432 2279 multa
455 2238 644 2290 patiens,
674 2237 729 2278 de
753 2238 870 2279 malo
895 2238 998 2280 libe-

167 2293 253 2333 rari
272 2293 539 2335 desiderans.
567 2294 778 2345 superest
792 2299 840 2335 ut
855 2294 999 2335 videa-

168 2362 264 2389 mus
285 2349 327 2389 in
350 2362 437 2401 quo
456 2349 573 2390 malo
589 2350 660 2390 sit:
681 2355 724 2390 et
739 2362 838 2390 cum
853 2349 999 2392 dicere

170 2405 369 2456 coeperit:
396 2408 684 2456 agnoscamus
708 2405 770 2446 ibi
788 2419 869 2446 nos
889 2419 999 2447 esse:

170 2465 217 2500 ut
237 2462 558 2502 communicata
578 2461 874 2511 tribulatione,
901 2475 999 2503 con-

170 2516 396 2566 jungamus
417 2517 672 2559 Orationem.
706 2518 1000 2559 Contristatus

171 2583 283 2619 sum,
307 2572 462 2623 inquit,
486 2574 530 2614 in
555 2573 870 2615 exercitatione
893 2588 1000 2624 mea,

172 2631 215 2668 et
236 2628 522 2670 conturbatus
540 2643 647 2670 sum.
670 2629 757 2671 Ubi
772 2630 1000 2671 contrista—

171 2681 264 2723 tus?
290 2682 363 2724 ubi
384 2684 692 2726 conturbatus?
720 2686 771 2726 In
791 2686 1001 2727 exercita-

1041 277 1161 318 tione
1179 289 1292 326 mea,
1310 277 1462 330 inquit.
1490 278 1704 320 Homines
1722 279 1874 329 malos,

1044 345 1155 384 quos
1182 333 1364 385 patitur,
1392 337 1763 376 commemoratus
1791 340 1875 377 est:

1043 388 1330 440 eamdemque
1368 390 1621 441 passionem
1658 390 1875 432 malorum

1042 443 1277 494 hominum,
1298 446 1658 487 exercitationem
1674 459 1799 488 suam
1815 447 1875 488 di-

1042 500 1117 541 xit.
1157 500 1226 542 Ne
1254 501 1418 553 putetis
1446 502 1580 552 gratis
1609 515 1706 544 esse
1733 503 1875 545 malos

1042 557 1085 596 in
1105 556 1190 597 hoc
1208 557 1385 606 mundo,
1406 562 1450 599 et
1466 557 1574 599 nihil
1596 557 1702 599 boni
1721 558 1776 600 de
1790 559 1876 600 illis

1043 614 1174 664 agere
1183 612 1339 654 Deum.
1359 614 1513 655 Omnis
1528 615 1669 656 malus
1685 620 1760 656 aut
1773 615 1875 657 ideo

1043 669 1164 718 vivit,
1189 673 1237 710 ut
1256 670 1516 721 corrigatur:
1542 676 1618 712 aut
1635 670 1736 712 ideo
1756 671 1876 721 vivit,

1042 729 1091 765 ut
1109 737 1189 777 per
1207 724 1329 766 illum
1346 725 1490 767 bonus
1511 729 1779 768 exerceatur.

1099 783 1149 834 Ra.
1173 781 1355 823 Amicus
1379 795 1503 824 meus
1531 783 1670 824 osculi
1694 795 1765 824 me
1789 785 1874 824 tra-

1045 835 1156 878 didit
1174 837 1314 888 signo:
1339 851 1468 890 quem
1494 838 1720 879 osculatus
1738 838 1875 887 fuero,

1044 893 1138 945 ipse
1156 898 1233 943 est,
1247 896 1394 936 tenete
1409 907 1522 936 eum:
1536 894 1623 936 hoc
1640 894 1804 935 malum
1817 894 1875 936 fe-

1045 949 1104 990 cit
1123 949 1310 999 signum,
1331 950 1405 1002 qui
1424 963 1504 1002 per
1524 950 1723 992 osculum
1741 950 1876 992 adim-

1043 1004 1181 1057 plevit
1190 1005 1485 1047 homicidium.
1500 1006 1686 1048 *Infelix
1696 1010 1876 1059 praeter-

1044 1062 1162 1103 misit
1206 1062 1397 1114 pretium
1447 1063 1688 1114 sanguinis,
1742 1067 1787 1104 et
1832 1063 1877 1103 in

1044 1117 1131 1159 fine
1162 1117 1322 1170 laqueo
1351 1131 1399 1160 se
1428 1118 1693 1171 suspendit·
1715 1112 1765 1164 V·
1792 1118 1876 1159 ΒΟ-

1044 1187 1148 1214 num
1176 1179 1270 1216 erat
1298 1175 1354 1224 ei,
1389 1175 1425 1215 si
1452 1180 1580 1217 natus
1607 1187 1697 1216 non
1723 1174 1878 1216 fuisset

1044 1229 1178 1271 homo
1197 1230 1281 1272 ille.
1312 1231 1468 1272 Infelix
1487 1231 1781 1283 praetermisit.

1359 1286 1511 1327 Lectio
1532 1300 1567 1325 v.

1137 1342 1275 1384 tinam
1303 1355 1408 1393 ergo
1440 1343 1515 1394 qui
1538 1356 1620 1384 nos
1644 1343 1781 1386 modo
1807 1357 1878 1385 ex-

1150 1400 1310 1448 ercent,
1330 1402 1654 1450 convertantur,
1675 1405 1719 1442 et
1733 1400 1879 1442 nobis-

1047 1468 1147 1496 cum
1167 1457 1471 1496 exerceantur:
1494 1460 1643 1497 tamen
1670 1455 1880 1508 quamdiu

1047 1511 1108 1552 ita
1127 1515 1227 1552 sunt
1246 1516 1295 1553 ut
1314 1513 1560 1561 exerceant,
1578 1524 1668 1552 non
1683 1524 1761 1553 eos
1777 1511 1879 1554 ode·

1047 1567 1196 1608 rimus:
1226 1567 1328 1619 quia
1352 1567 1396 1608 in
1422 1579 1476 1608 eo
1503 1567 1623 1620 quod
1645 1567 1787 1609 malus
1813 1573 1880 1610 est

1049 1623 1146 1675 quis
1166 1625 1336 1672 eorum,
1359 1628 1507 1664 utrum
1525 1636 1666 1676 usque
1683 1624 1730 1665 in
1747 1624 1880 1666 finem

1048 1682 1410 1731 perseveraturus
1430 1679 1502 1728 sit,
1525 1679 1790 1730 ignoramus.
1822 1679 1881 1722 Et

1048 1735 1310 1788 plerumque
1333 1748 1434 1777 cum
1451 1735 1532 1777 tibi
1550 1735 1712 1777 videris
1732 1735 1880 1777 odisse

1049 1792 1282 1841 inimicum,
1300 1791 1483 1833 fratrem
1501 1791 1645 1841 odisti,
1665 1797 1709 1834 et
1726 1792 1881 1833 nescis.

1049 1847 1276 1897 Diabolus,
1295 1853 1339 1889 et
1358 1847 1501 1899 angeli
1520 1849 1611 1900 eius
1629 1848 1675 1888 in
1688 1849 1881 1901 Scriptu-

1050 1904 1109 1944 ris
1138 1904 1300 1945 sanctis
1328 1903 1594 1945 manifestati
1618 1909 1718 1945 sunt
1740 1903 1881 1954 nobis,

1052 1959 1173 2011 quod
1197 1959 1254 2001 ad
1279 1960 1426 2012 ignem
1453 1961 1667 2001 aeternum
1694 1959 1782 2001 sint
1809 1959 1881 2002 de·

1051 2016 1209 2057 stinati.
1232 2016 1438 2068 Ipsorum
1455 2020 1626 2057 tantum
1645 2015 1881 2068 desperan-

1052 2071 1109 2113 da
1138 2076 1206 2113 est
1231 2072 1462 2122 correctio,
1491 2076 1645 2113 contra
1672 2084 1784 2124 quos
1808 2071 1881 2113 ha-

1051 2127 1205 2169 bemus
1226 2127 1443 2169 occultam
1466 2127 1643 2169 luctam:
1668 2127 1725 2169 ad
1751 2140 1882 2180 quam

1051 2183 1214 2225 luctam
1240 2196 1323 2224 nos
1355 2188 1495 2224 armat
1523 2183 1783 2236 Apostolus,
1822 2183 1882 2225 di-

1052 2252 1169 2280 cens:
1188 2239 1290 2280 Non
1311 2244 1377 2280 est
1396 2239 1524 2281 nobis
1538 2239 1792 2281 colluctatio
1809 2239 1882 2280 ad-

1053 2297 1206 2336 versus
1243 2308 1418 2336 carnem
1452 2301 1495 2337 et
1529 2295 1799 2346 sanguinem:
1837 2294 1881 2335 id

1053 2357 1135 2400 est,
1162 2364 1250 2392 non
1279 2350 1492 2392 adversus
1519 2351 1735 2399 homines,
1770 2363 1882 2402 quos

1053 2406 1227 2455 videtis,
1252 2406 1331 2448 sed
1350 2406 1562 2448 adversus
1581 2406 1818 2458 principes,
1838 2412 1882 2447 et

1054 2465 1314 2515 potestates,
1343 2468 1387 2504 et
1411 2465 1608 2504 rectores
1627 2461 1794 2511 mundi,
1822 2467 1882 2503 te-

1054 2519 1289 2560 nebrarum
1320 2519 1485 2559 harum.
1536 2518 1605 2559 Ne
1638 2518 1751 2559 forte
1783 2530 1882 2559 cum

1054 2575 1248 2625 dixisset,
1284 2574 1450 2623 mundi,
1492 2573 1759 2624 intelligeres
1797 2573 1882 2615 dae-

1053 2644 1205 2673 mones
1225 2644 1321 2673 esse
1341 2633 1538 2672 rectores
1558 2629 1660 2671 coeli
1679 2635 1723 2671 et
1741 2634 1883 2671 terrae.

1054 2687 1206 2729 Mundi
1239 2687 1364 2736 dixit,
1402 2686 1683 2728 tenebrarum
1714 2685 1883 2727 harum:
