2028 2892
471 149 513 183 In
538 150 661 183 feriali
685 150 820 184 Officio
846 151 894 185 ad
915 151 1079 186 Primam
1105 156 1224 190 (extra
1249 160 1360 198 temp.
1386 158 1537 199 pmcn).
1809 158 1850 193 31

208 241 322 283 Nam
341 247 385 284 et
402 243 651 284 testimonia
665 248 740 285 tua
754 244 980 286 meditatio

157 311 254 340 mea
281 303 361 340 est:
379 299 403 324 *
423 304 467 340 et
496 299 724 341 consilium
750 313 896 342 meum
922 302 980 353 ju-

157 355 441 397 stificationes
460 360 559 397 tuae.

208 410 409 453 Adhaesit
431 412 681 464 pavimento
706 414 847 454 anima
870 427 980 456 mea:

156 467 180 494 *
211 467 384 510 vivifica
419 481 489 510 me
527 469 767 511 secundum
799 470 980 512 verbum

156 528 290 565 tuum.

208 580 315 622 Vias
346 594 466 622 meas
503 582 738 631 enuntiavi,
778 588 821 624 et
853 596 980 625 exau-

158 637 260 679 disti
278 650 362 679 me:
385 638 408 663 *
428 637 539 680 doce
558 651 628 680 me
653 639 980 690 justificationes

156 698 265 736 tuas.

208 751 338 792 Viam
356 751 711 802 justificationum
729 754 903 793 tuarum
922 755 980 793 in-

158 812 277 849 strue
291 820 376 848 me:
390 808 414 832 *
429 812 473 849 et
492 808 730 849 exercebor
749 808 792 848 in
811 809 980 850 mirabi-

156 863 270 905 libus
289 864 385 905 tuis.

209 920 474 962 Dormitavit
501 920 644 962 anima
671 934 768 963 mea
795 935 887 974 prae
907 925 981 964 ’[εὲ-

158 977 245 1019 dio:
263 978 287 1003 *
307 978 519 1018 confirma
536 990 606 1018 me
625 977 668 1018 in
688 977 832 1019 verbis
851 979 947 1019 tuis.

187 1034 338 1078 ⁴Viam
363 1033 603 1086 iniquitatis
629 1036 783 1076 amove
808 1047 833 1076 a
856 1048 939 1077 me:
959 1036 981 1060 *

158 1094 201 1132 et
221 1089 275 1132 de
294 1090 390 1141 lege
409 1094 485 1131 tua
502 1090 709 1132 miserere
728 1091 823 1132 mei.

207 1146 338 1188 Viam
374 1146 570 1188 veritatis
608 1146 731 1198 elegi:
764 1147 787 1173 *
824 1147 983 1199 judicia

156 1207 232 1245 tua
250 1216 339 1244 non
359 1216 456 1243 sum
475 1202 647 1244 oblitus.

207 1259 390 1301 Adhaesi
408 1259 667 1300 testimoniis
682 1259 767 1301 tuis
782 1260 982 1301 Domine:

156 1316 180 1342 *
198 1315 288 1357 noli
307 1329 377 1357 me
398 1315 676 1357 confundere.

208 1372 338 1414 Viam
368 1371 675 1413 mandatorum
707 1375 883 1414 tuorum
913 1386 982 1414 cu-

157 1429 283 1478 curri,
300 1429 324 1453 *
344 1440 443 1469 cum
462 1427 653 1469 dilatasti
672 1441 748 1469 cor
767 1441 922 1470 meum.

208 1493 360 1545 Temp.
387 1492 601 1543 Quadrag.
631 1494 728 1533 Ant.
750 1493 863 1534 Vivo
889 1506 981 1544 ego,

158 1548 262 1591 dicit
284 1549 513 1590 Deminus:
541 1549 644 1590 nolo
671 1554 858 1591 mortem
884 1563 982 1602 pec-

158 1606 334 1656 catoris,
362 1605 442 1647 sed
468 1610 516 1647 ut
543 1606 680 1657 magis
705 1609 984 1648 convertatur

158 1667 203 1704 et
222 1663 350 1705 vivat.

206 1719 426 1771 Tempore
452 1719 670 1760 Passionis
703 1719 799 1759 Ant.
826 1716 984 1760 Libera

157 1787 227 1816 me
241 1774 440 1824 Domine,
460 1779 503 1817 et
517 1788 632 1828 pone
646 1788 716 1817 me
731 1776 849 1827 juxta
864 1779 924 1816 te:
942 1779 984 1816 et

159 1831 346 1883 cujusvis
365 1845 518 1873 manus
540 1836 705 1885 pugnet
730 1836 882 1873 contra
903 1844 984 1873 me.

259 1913 517 1965 Capitulum.
642 1915 769 1955 Zach.
785 1918 820 1955 8.
838 1914 875 1955 d.

241 1997 363 2026 acem
390 1989 434 2026 et
456 1985 685 2026 veritatem
709 1982 893 2034 diligite,
924 1983 984 2024 ait

255 2041 470 2082 Dominus
494 2042 781 2093 omnipotens.
815 2041 860 2091 R
886 2039 982 2080 Deo

158 2097 330 2147 gratias.

208 2159 255 2211 R.
284 2158 344 2199 br.
396 2157 565 2198 Christe
596 2156 679 2197 Fili
712 2156 794 2197 Dei
827 2155 977 2204 vivi‚*

158 2213 365 2255 Misere're
381 2214 517 2255 nobis.
542 2214 597 2254 Et
617 2213 839 2264 repetitur:
864 2211 981 2253 Chri-

159 2274 224 2311 ste
251 2269 333 2310 Fili
358 2270 442 2311 Dei
470 2270 575 2319 vivi,
609 2269 815 2310 miserere
844 2267 980 2309 nobis.

155 2321 205 2373 V.
234 2326 318 2376 Qui
343 2325 470 2367 sedes
496 2324 552 2366 ad
578 2324 803 2366 dexteram
828 2323 980 2364 Patris.

156 2384 205 2435 R.
222 2382 430 2423 Miserere
447 2381 584 2423 nobis.
610 2377 659 2429 V.
683 2380 834 2422 Glo'ria
851 2379 980 2428 Patri,

159 2443 203 2479 et
219 2438 343 2487 Filio,
360 2443 403 2479 et
417 2438 595 2490 Spiritui
611 2442 773 2478 sancto.
796 2440 843 2490 R.
863 2435 979 2476 Chri-

159 2499 224 2536 ste
244 2494 325 2535 Fili
343 2494 427 2535 Dei
445 2494 549 2543 vivi,
568 2494 773 2534 miserere
791 2491 927 2532 nobis.

207 2553 256 2605 V.
287 2555 485 2604 Exsi'irge
506 2553 690 2602 Christe,
713 2551 867 2603 adjuva
888 2563 979 2591 nos.

156 2615 205 2666 R.
244 2611 301 2652 Et
334 2610 471 2652 libera
503 2622 584 2650 nos
614 2613 796 2662 propter
822 2619 979 2649 nomen

158 2670 292 2708 tuum.

1018 1712 1173 1745 ‘Preces
1214 1711 1381 1746 feriales,
1422 1709 1549 1743 statim
1584 1709 1654 1742 dic.

1131 251 1221 303 yrie
1255 252 1428 294 eleison.
1474 254 1645 296 Christe
1678 255 1851 297 eleison.

1158 309 1287 361 Kyrie
1307 309 1478 351 eleison.

1092 363 1214 426 Iffater
1233 371 1391 407 noster.
1419 375 1596 408 secreto.

1090 419 1138 465 V.
1167 422 1223 463 Et
1250 435 1304 463 ne
1332 435 1412 463 nos
1439 422 1618 464 indficas
1645 424 1687 464 in
1716 429 1850 466 tenta-

1032 475 1206 518 tionem.
1246 479 1295 530 R.
1317 478 1403 520 Sed
1426 478 1561 520 libera
1583 493 1662 521 nos
1682 493 1706 521 a
1725 481 1850 522 malo.

1087 532 1229 575 Credo
1248 534 1291 574 in
1309 535 1461 576 Deum.
1487 543 1667 578 secreto.

1091 585 1139 635 V.
1157 590 1307 631 Carnis
1322 592 1693 633 resurrectionem.
1721 593 1849 645 R·.Vi-

1033 650 1122 687 tam
1142 648 1359 687 aeternam.
1387 648 1538 689 Amen.

1090 698 1138 748 Υ.
1153 703 1208 743 Et
1228 716 1308 754 ego
1329 703 1384 744 ad
1399 709 1442 745 te
1457 704 1642 746 Domine
1659 705 1850 746 clamavi.

1038 760 1087 810 R
1093 759 1149 799 Et
1160 772 1285 800 mane
1298 760 1438 801 oratio
1448 773 1544 801 mea
1552 762 1789 812 praeveniet
1798 766 1850 802 te.

1091 809 1139 860 V
1170 815 1410 868 Repleatur
1448 828 1496 857 os
1533 830 1676 858 meum
1713 816 1850 858 laude.

1038 872 1087 923 R.
1110 871 1169 912 Ut
1193 877 1362 913 cantem
1389 872 1570 923 gloriam
1594 878 1731 922 tuam,
1759 878 1847 914 tota

1034 926 1103 968 die
1122 927 1461 977 magnitudinem
1480 934 1609 969 tuam.

1093 978 1139 1029 V
1162 984 1348 1025 D6mine
1376 997 1429 1025 av
1433 987 1522 1026 erte
1551 985 1705 1026 faciem
1732 990 1850 1026 tuam

1034 1053 1058 1081 a
1078 1041 1270 1105 peccatis
1289 1041 1407 1082 meis.
1447 1041 1498 1092 R.
1523 1042 1578 1082 Et
1604 1054 1753 1082 omnes
1776 1042 1849 1082 ini-

1036 1097 1222 1163 quitates
1241 1110 1360 1138 meas
1380 1096 1487 1138 dele.

1090 1148 1138 1199 V.
1151 1153 1237 1194 Cor
1251 1152 1460 1194 mundum
1471 1166 1571 1195 crea
1589 1154 1631 1193 in
1642 1166 1710 1194 me
1721 1153 1850 1194 Deus.

1037 1211 1086 1261 R.
1111 1210 1167 1250 Et
1199 1210 1397 1273 spiritum
1430 1215 1596 1250 rectum
1627 1211 1784 1250 innova
1809 1210 1850 1249 in

1034 1265 1275 1307 visceribus
1295 1266 1412 1306 meis.

1088 1317 1137 1369 V.
1163 1322 1231 1363 Ne
1258 1322 1460 1374 projicias
1488 1334 1557 1362 me
1582 1334 1607 1361 a
1634 1321 1741 1362 facie
1767 1326 1851 1362 tua.

1037 1380 1085 1430 R.
1112 1379 1168 1419 Et
1195 1378 1401 1430 Spiritum
1430 1383 1626 1418 sanctum
1653 1382 1774 1418 tuum
1799 1390 1851 1418 ne

1036 1434 1206 1475 auferas
1227 1447 1251 1474 a
1270 1446 1350 1474 me.

1087 1484 1136 1535 V.
1163 1489 1317 1531 Redde
1346 1489 1451 1529 mihi
1478 1489 1673 1529 laetitiam
1697 1488 1850 1529 saluta-

1035 1547 1094 1587 ris
1108 1546 1181 1587 tui.
1204 1546 1252 1596 R.
1273 1546 1328 1587 Et
1343 1545 1495 1598 spiritu
1511 1544 1737 1597 principali
1753 1556 1850 1585 con-

1035 1603 1161 1643 firma
1178 1614 1258 1643 me.

1088 1663 1249 1704 Quando
1284 1662 1331 1696 ad
1363 1662 1479 1696 Laud.
1511 1671 1586 1694 non
1618 1666 1703 1694 sunt
1740 1661 1851 1695 dictae

1699 1708 1851 1751 Adiuto-

1035 1759 1134 1794 rium
1160 1761 1334 1793 nostrum
1366 1762 1401 1791 et
1430 1757 1624 1792 Confiteor
1651 1756 1750 1798 Deo,
1783 1760 1850 1790 etc.

1034 1812 1075 1841 ut
1100 1816 1215 1849 supra
1238 1806 1289 1841 25.

1087 1862 1249 1903 Quando
1275 1868 1399 1895 autem
1426 1861 1473 1895 ad
1492 1860 1607 1895 Laud.
1631 1860 1742 1894 dictae
1766 1867 1850 1893 sunt

1035 1911 1171 1944 Preces
1207 1909 1359 1943 feriales
1397 1909 1554 1943 inferius
1593 1908 1730 1951 positae
1763 1914 1849 1950 post

1034 1959 1185 1992 Laudes
1224 1957 1345 1991 Feriae
1380 1957 1439 1995 H..
1479 1962 1566 1990 tunc
1603 1956 1650 1989 ad
1686 1955 1846 1988 Primam

1033 2006 1230 2050 praedictae
1259 2005 1396 2039 Preces
1426 2009 1461 2039 et
1490 2008 1691 2047 sequentes
1721 2003 1847 2036 dicun-

1033 2061 1093 2088 tur
1116 2054 1226 2088 flexis
1251 2052 1422 2093 genibus.

1085 2098 1135 2149 V.
1160 2103 1291 2155 Eripe
1310 2115 1379 2143 me
1398 2102 1582 2143 Demine
1603 2100 1656 2141 ab
1675 2099 1847 2140 homine

1033 2159 1158 2200 malo.
1186 2159 1235 2209 R.
1255 2159 1295 2199 A
1314 2159 1407 2199 viro
1427 2158 1574 2220 iniquo
1594 2156 1710 2222 eripe
1730 2167 1809 2196 me.

1085 2211 1133 2263 V.
1167 2215 1299 2267 Eripe
1331 2227 1400 2255 me
1433 2212 1487 2255 de
1518 2211 1698 2252 inimicis
1729 2210 1847 2259 meis,

1032 2272 1152 2313 Deus
1181 2284 1313 2312 meus.
1354 2273 1403 2323 R
1434 2269 1489 2309 Et
1515 2267 1568 2308 ab
1596 2266 1847 2317 insurgenti-

1032 2327 1144 2369 bus
1133 2341 1176 2367 1n
1195 2339 1264 2367 me
1284 2325 1419 2367 libera
1437 2336 1515 2364 me.

1083 2380 1133 2431 V
1157 2383 1287 2435 Eripe
1313 2394 1381 2422 me
1401 2380 1454 2421 de
1474 2377 1783 2446 operantibus
1773 2377 1846 2417 ini-

1034 2439 1252 2491 quitatem.
1275 2440 1323 2490 R.
1339 2438 1394 2478 Et
1407 2435 1462 2476 de
1475 2434 1577 2475 viris
1592 2434 1845 2484 sanguinum

1033 2495 1151 2535 salva
1170 2507 1249 2535 me

1083 2548 1132 2599 V.
1167 2550 1236 2590 Sic
1268 2547 1480 2601 psalmum
1513 2545 1654 2587 dicam
1684 2543 1844 2585 n6mini

1031 2611 1107 2647 tuo
1126 2606 1169 2646 in
1188 2603 1394 2645 saeculum
1413 2601 1572 2642 saeculi.
1608 2603 1656 2653 R
1679 2600 1734 2641 Ut
1751 2598 1843 2640 red-

1032 2661 1132 2704 dam
1150 2665 1252 2702 vota
1269 2670 1365 2700 mea
1385 2656 1439 2700 de
1459 2656 1559 2699 die
1548 2670 1592 2698 111
1611 2656 1733 2699 diem.
