2066 2956
457 181 527 214 Die
556 181 601 214 11.
628 180 734 214 Febr.

201 272 309 322 Quae
341 273 385 314 in
416 271 583 325 templo
616 273 792 314 Simeon
822 278 969 315 mente

454 327 714 381 prophetica

249 384 402 426 Matris
421 384 600 426 vulnera
618 386 812 426 noverat.

157 453 316 495 sxcclini
339 453 576 495 Deminum
603 459 647 496 te
674 467 805 507 prece
828 455 968 507 posci-

198 523 624 631 Sanctorumtsslelssera
643 567 835 619 compita
853 569 968 618 gres-

198 677 377 728 Signata
406 622 657 731 etsffsslbus
683 691 765 721 nos
793 692 969 732 quoque

455 734 656 787 praebeas

249 789 321 831 Ad
340 794 383 831 te
402 791 584 843 pergere
602 790 777 833 viribus.
805 792 957 833 Amen.

385 872 504 911 Alius
529 872 731 922 Hymnus.

147 932 287 1040 Jam
332 939 459 980 nimis
503 939 630 981 terris
679 939 845 982 facinus
889 953 969 992 per

455 1008 584 1038 omne

196 1050 327 1092 Noxa
357 1051 570 1102 regnabat
602 1051 693 1093 sine
724 1051 821 1102 lege
849 1051 968 1093 aber-

195 1162 334 1215 Inque
375 1120 610 1216 ρεοῐοῗὶῐιιιῖἐε
654 1163 802 1216 superi
845 1165 968 1204 tona-

348 1218 724 1317 Vimfizgsstdema:

147 1342 333 1394 Quando
352 1343 551 1395 lugendis
569 1345 777 1386 miserata
794 1343 905 1393 fatis,

198 1399 335 1450 Virgo
361 1402 568 1452 septenos
592 1402 818 1453 procereS‚
847 1402 969 1440 coru-

198 1509 425 1562 Sanguine,
441 1468 637 1554 gtceeros
647 1512 813 1565 pietate
823 1511 970 1561 multa,

354 1567 536 1610 Co'elitus
555 1569 677 1611 accit.

148 1635 274 1676 Accit
293 1635 466 1677 afflictis
484 1636 660 1690 populis
678 1636 850 1690 piandis

198 1690 240 1732 A
257 1695 326 1733 tot
344 1693 560 1742 aerumnis,
578 1693 771 1743 maculis,
790 1692 940 1742 ruinis3

198 1747 341 1798 Accit‚
366 1753 410 1790 et
433 1761 606 1802 semper
628 1749 711 1791 sibi
729 1749 971 1791 servituros

353 1804 538 1846 Strenuo
558 1808 717 1847 amore.

153 1875 283 1915 Veste
300 1872 474 1925 lugubri
492 1875 642 1926 induit,
661 1879 710 1916 ut
730 1868 907 1916 doleres

199 1927 402 1971 Defleant
421 1931 522 1982 eius,
541 1944 667 1983 mage
687 1931 790 1973 dum
809 1930 932 1972 ferali

199 1983 252 2024 In
269 1984 393 2027 trabe
411 1986 588 2029 infanda
607 1988 736 2041 periit
754 1989 932 2028 cruente

352 2041 466 2083 Diva
483 2046 696 2097 propago.

153 2107 284 2150 Filios
303 2122 451 2152 rursus
471 2113 681 2154 vocitavit
700 2124 861 2162 omnes,

201 2165 259 2207 Ut
278 2165 397 2208 velut
410 2167 597 2210 Matrem
615 2168 810 2209 studiose
827 2169 970 2208 aman-

204 2277 442 2321 Crederent
455 2229 615 2332 laxam,
639 2280 762 2332 paria
782 2285 824 2321 et
843 2280 970 2321 refer-

302 2340 679 2442 Pignorlaegtmoris.

152 2460 272 2500 Tunc
292 2459 387 2510 quis
412 2459 577 2500 exussit
597 2459 790 2500 caritatis
809 2459 920 2509 ignis

201 2514 360 2556 Pectus
391 2514 601 2567 ipserum!
637 2515 769 2564 Date,
803 2527 970 2566 quaeso,

203 2625 338 2667 Filios
357 2571 727 2678 vestgastssasribus
745 2625 885 2667 beatis

356 2682 536 2732 Ignibus
554 2683 632 2723 uri.

783 181 849 214 Bb.
875 181 943 213 VH
968 180 1087 214 Fund.
1114 180 1200 213 Ord.
1227 182 1329 214 Serv.
1354 180 1394 213 Β.
1423 180 1465 213 M.
1495 180 1533 213 V.
1749 182 1844 226 [283]

1025 275 1088 314 Tu
1114 273 1245 315 Pater
1271 280 1450 327 praesta,
1482 276 1625 318 tribue
1658 282 1701 318 et
1729 278 1842 319 Red-

1329 332 1511 384 emptor,

1073 385 1229 438 Tuque
1254 385 1311 427 da
1328 387 1473 438 nobis,
1497 388 1712 431 Paraclite
1731 403 1843 431 sum-

1072 498 1297 550 Virginem
1328 457 1529 542 rffltrem
1578 502 1740 552 colere,
1792 515 1844 544 ac

1329 559 1486 607 amare,

1226 612 1352 655 Flere
1373 618 1416 655 et
1434 613 1478 654 in
1497 626 1650 655 aevum.
1678 615 1830 656 Amen.

1076 684 1127 734 V.
1143 686 1277 729 Orate
1296 700 1378 740 pro
1396 688 1523 730 nobis
1539 694 1708 741 septem
1725 689 1843 732 beati

1022 742 1183 783 Patres.
1209 745 1258 796 R.
1276 744 1336 786 Ut
1351 744 1468 795 digni
1488 745 1726 786 efficiamur
1745 759 1842 799 pro-

1019 798 1299 841 missi6nibus
1320 800 1492 842 Christi.

1079 870 1145 910 Ad
1177 871 1345 918 Magnis.
1388 873 1486 911 Ant.
1531 871 1606 911 lsti
1634 876 1734 912 sunt
1761 872 1843 913 viri

1022 923 1342 975 misericordiae,
1359 937 1544 977 quorum
1556 927 1746 979 pietates
1756 940 1843 969 non

1021 979 1262 1022 defuerunt.
1294 981 1450 1023 Semen
1475 984 1626 1023 eorum
1646 989 1688 1025 et
1707 983 1844 1034 gloria

1022 1037 1172 1076 eerum
1190 1049 1278 1078 non
1298 1036 1631 1090 derelinquetur.

1355 1112 1517 1151 Oratio.

1024 1168 1195 1272 Deus,
1218 1170 1291 1222 qui
1311 1170 1368 1212 ad
1386 1171 1666 1213 recolendam
1684 1177 1844 1216 memo-

1115 1226 1224 1267 riam
1241 1226 1443 1269 dolorum
1457 1229 1742 1270 sanctissimae
1757 1235 1843 1271 tuae

1022 1281 1272 1333 Genitricis‚
1297 1295 1377 1336 per
1400 1289 1569 1336 septem
1592 1285 1747 1327 beatos
1765 1287 1842 1328 Pa-

1020 1343 1109 1379 tres
1140 1351 1254 1380 nova
1286 1340 1521 1382 Servorum
1556 1343 1646 1394 ejus
1684 1342 1844 1384 familia

1020 1395 1263 1436 Ecclesiam
1290 1401 1409 1437 tuam
1437 1397 1716 1439 foecundasti:
1744 1412 1842 1441 con-

1021 1450 1128 1492 cede
1147 1453 1376 1504 propitius3
1395 1453 1455 1493 ita
1474 1466 1555 1495 nos
1575 1456 1725 1495 eorum
1743 1468 1841 1497 con-

1021 1507 1179 1548 sociari
1205 1508 1395 1559 fletibus,
1423 1514 1471 1551 ut
1498 1510 1771 1562 perfruamur
1800 1517 1843 1553 et

1020 1563 1206 1614 gaudiis:
1232 1565 1316 1615 Qui
1333 1565 1442 1606 vivis
1462 1571 1506 1607 et
1523 1579 1689 1617 regnas.

1185 1644 1263 1683 Vel
1294 1644 1386 1683 haec
1417 1644 1496 1683 alia
1528 1643 1688 1683 Oratio.

1111 1711 1254 1753 emine
1276 1713 1380 1754 Jesu
1405 1713 1591 1763 Christe,
1619 1714 1692 1766 qui
1716 1714 1760 1755 in
1785 1716 1842 1766 ju-

1126 1780 1225 1819 gem
1248 1770 1503 1810 memOriam
1527 1769 1730 1811 dolorum
1749 1784 1842 1811 san-

1023 1823 1229 1865 ctissimae
1260 1830 1348 1866 tuae
1379 1825 1628 1875 Genitricis,
1667 1839 1745 1879 per
1780 1840 1843 1868 se-

1021 1883 1141 1930 ptem
1175 1879 1330 1922 beetos
1363 1881 1515 1923 Patres
1552 1895 1666 1923 nova
1699 1885 1842 1924 serve-

1022 1947 1118 1975 rum
1147 1936 1236 1987 ejus
1264 1937 1426 1978 familia
1452 1938 1693 1981 Ecclesiam
1724 1943 1843 1979 tuam

1021 1990 1297 2034 foecundasti:
1317 1993 1510 2035 concede
1527 1994 1654 2035 nobis
1672 1994 1843 2034 famulis

1021 2048 1124 2101 tuis,
1151 2048 1196 2088 in
1223 2048 1306 2089 hac
1331 2049 1607 2091 lacrimarum
1632 2049 1744 2090 valle
1770 2049 1840 2090 de-

1021 2103 1238 2155 gentibus3
1256 2105 1317 2146 ita
1337 2105 1531 2156 ejusdem
1548 2106 1842 2147 moestissimae

1021 2159 1173 2200 Matris
1197 2161 1341 2202 socios
1368 2175 1466 2203 cum
1490 2162 1597 2214 ipsis
1623 2174 1719 2202 esse
1743 2174 1839 2214 pas-

1022 2215 1193 2257 sionum
1210 2217 1254 2257 in
1272 2218 1410 2268 terris,
1431 2223 1478 2259 ut
1496 2219 1721 2270 perpetuae
1740 2230 1839 2259 con·

1022 2271 1249 2313 solationis
1288 2276 1514 2314 consortes
1549 2273 1643 2314 fieri
1677 2275 1839 2314 merea-

1021 2340 1116 2367 mur
1133 2328 1177 2368 in
1197 2329 1332 2370 coelis:
1352 2329 1435 2379 Qui
1453 2329 1562 2371 vivis
1581 2334 1624 2370 et
1642 2342 1808 2380 regnas.

1074 2396 1120 2429 Et
1143 2396 1182 2429 fit
1207 2404 1400 2428 commem.
1426 2393 1556 2426 Fcrizc.

1174 2482 1261 2522 Ad
1291 2482 1676 2524 matutinum.

1073 2564 1195 2603 Invit.
1232 2559 1472 2601 Mirabilem
1494 2560 1610 2601 Dfim
1634 2561 1678 2602 in
1704 2562 1841 2603 servis

1021 2613 1241 2667 Deiparae‚
1267 2619 1289 2642 *
1320 2615 1477 2656 Venite
1505 2615 1747 2658 adoremus.

990 2721 1008 2736 ,,
1075 2687 1141 2725 Ps.
1168 2684 1326 2731 Venite,
1347 2683 1620 2725 exsultemus.
1639 2685 1676 2726 2.
