2028 2892
237 292 407 333 Timeat
426 302 524 331 eum
544 300 671 329 omne
690 297 837 327 semen
851 282 1000 324 Israel:

187 350 210 374 *
231 347 434 400 quoniam
457 357 543 386 non
564 343 744 396 sprevit,
770 352 910 392 neque
929 338 1000 380 de-

188 404 328 457 spexit
350 401 703 454 deprecationem
723 396 940 451 pauperis:

236 460 329 501 Nec
349 458 506 499 a‘vertit
526 456 679 497 faciem
700 467 820 495 suam
841 466 865 493 a
885 452 999 492 mez*

188 522 230 558 et
249 529 346 557 cum
365 514 597 556 clamarem
618 510 674 553 ad
693 523 805 558 eum,
830 506 1001 550 exaudi-

188 572 248 613 vit
267 584 346 612 me.

237 626 368 680 Apud
405 631 448 668 te
481 625 574 666 laus
610 636 705 665 mea
742 623 784 663 in
818 620 1001 663 ecclesia

187 684 389 734 magnaz*
403 687 504 723 vota
523 693 619 722 mea
639 678 818 721 reddam
838 678 880 718 in
902 689 1001 718 con-

188 742 339 792 spectu
359 738 602 780 timentium
622 749 730 777 eum.

240 795 382 837 Edent
409 797 639 847 pauperes,
677 797 719 833 et
748 788 1001 831 saturabun-

188 858 276 894 tur:
314 857 356 893 et
388 849 626 891 laudabunt
659 847 893 889 Dominum
929 844 1002 896 qui

189 910 413 960 requirunt
437 919 549 948 eum:
567 906 589 930 *
609 905 755 945 vivent
779 901 913 944 corda
933 902 1002 942 eo-

188 977 283 1005 rum
302 964 345 1004 in
365 962 571 1004 saeculum
591 960 748 1002 saeculi.

240 1019 586 1061 Reminiscentur
619 1022 661 1058 et
697 1015 1003 1057 convertentur

191 1075 246 1116 ad
257 1075 489 1116 Dominum
499 1075 521 1099 *
535 1072 723 1114 universi
739 1071 846 1112 fines
860 1075 1004 1110 terrae:

243 1132 297 1172 Et
322 1130 566 1172 adorabunt
590 1129 633 1169 in
655 1128 894 1180 conspectu
914 1126 1004 1177 ejus

191 1188 214 1212 *
234 1187 446 1228 universae
467 1185 638 1226 familiae
658 1183 873 1225 Gentium.

243 1243 456 1294 Quoniam
476 1241 651 1282 Domini
677 1245 742 1281 est
770 1251 964 1290 regnum:
982 1237 1004 1261 *

193 1305 236 1341 et
255 1300 348 1352 ipse
367 1297 657 1340 dominabitur
677 1296 893 1337 Gentium.

243 1354 612 1396 Manducaverunt
644 1358 687 1394 et
716 1352 1006 1393 adoraverunt

194 1423 343 1452 omnes
361 1411 542 1463 pingues
561 1415 704 1451 terrae:
723 1409 745 1434 *
765 1408 808 1448 in
827 1408 1006 1458 conspe-

193 1473 265 1508 ctu
284 1468 374 1519 ejus
393 1465 548 1507 cadent
568 1478 717 1507 omnes
738 1464 811 1516 qui
831 1462 1006 1504 descen-

194 1522 299 1564 dunt
318 1523 360 1563 in
379 1527 549 1563 terram.

244 1579 299 1620 Et
318 1579 459 1620 anima
486 1590 583 1619 mea
609 1577 668 1618 illi
689 1576 820 1617 vivet:
839 1577 861 1601 *
883 1581 925 1617 et
944 1587 1007 1616 se-

194 1648 291 1676 men
310 1647 453 1676 meum
473 1634 631 1675 serviet
648 1633 741 1685 ipsi.

246 1689 579 1731 Annuntiabitur
588 1689 774 1729 Domino
787 1688 1008 1739 generatio

196 1749 393 1787 ventura:
425 1747 447 1771 *
481 1751 523 1786 et
560 1744 873 1785 annuntiabunt
911 1743 1009 1785 coeli

196 1802 398 1854 justitiam
418 1802 507 1852 ejus
525 1800 688 1853 populo
709 1800 781 1852 qui
800 1802 1011 1849 nascetur,

198 1870 325 1910 quem
346 1858 446 1899 fecit
465 1857 685 1898 Dominus.

247 1926 415 1960 Sabbnto
441 1926 534 1959 nihil
562 1926 728 1961 additur.
762 1932 799 1960 ut
827 1936 940 1968 supra
972 1926 1007 1959 in

197 1973 371 2008 Rubricu.
400 1972 452 2008 27.

250 2038 395 2072 Deinde
424 2038 560 2071 dicitur

463 2119 654 2159 psalmus
675 2120 750 2158 118.

286 2195 370 2236 eati
397 2194 658 2235 immaculati
691 2195 733 2234 in
768 2195 853 2235 via:
884 2195 907 2220 *
942 2195 1014 2247 qui

303 2250 524 2291 ambulant
543 2251 583 2290 in
603 2250 696 2301 lege
718 2251 902 2291 Domini.

252 2304 376 2346 Beati
402 2306 474 2358 qui
499 2308 743 2347 scrutantur
771 2307 1015 2347 testimonia

204 2361 337 2411 ejus:*
348 2361 390 2402 in
405 2367 499 2403 toto
515 2361 648 2403 corde
665 2365 893 2414 exquirunt
909 2375 1016 2403 eum.

255 2416 353 2457 Non
374 2418 485 2458 enim
511 2418 582 2470 qui
608 2420 841 2470 operantur
868 2419 1016 2470 iniqui-

204 2473 348 2520 tatem,
366 2474 388 2497 ²*
408 2473 449 2513 in
470 2474 548 2514 viis
568 2474 656 2525 ejus
680 2473 1018 2515 ambulaverunt.

256 2527 323 2568 Tu
347 2528 599 2570 mandasti*
618 2529 822 2571 mandata
850 2536 923 2571 tua
950 2543 1017 2571 cu-

206 2582 358 2624 stodiri
377 2585 510 2625 nimis.

257 2639 429 2680 Utinam
445 2639 679 2690 dirigantur
695 2642 776 2683 viae
793 2655 912 2691 meae,
924 2643 946 2667 *
965 2641 1020 2683 ad

207 2694 512 2736 custodiendas
531 2697 852 2747 justificationes
871 2704 978 2739 tuas.

496 195 533 228 In
563 193 681 227 feriali
708 191 841 224 (micio
868 189 914 222 ad
942 188 1102 221 Primum
1128 191 1246 221 (extra
1273 188 1383 225 temp.
1410 181 1562 224 pascha.

1102 279 1226 320 Tunc
1243 290 1330 319 non
1350 273 1602 322 confundar,
1620 273 1643 298 *
1663 283 1762 312 cum
1779 282 1875 323 per-

1053 337 1238 388 spexero
1258 335 1301 375 in
1322 331 1522 374 omnibus
1542 327 1758 370 mandatis
1778 326 1876 368 tuis.

1105 389 1358 433 Confitebor
1373 387 1452 430 tibi
1469 387 1512 428 in
1528 384 1768 427 directione
1784 395 1876 424 cor·

1053 448 1134 489 dis:
1154 449 1176 473 *
1196 447 1240 488 in
1266 459 1318 488 eo
1349 443 1468 497 quod
1492 441 1625 484 didici
1643 439 1801 492 judicia
1818 439 1876 491 ju·

1054 504 1182 546 stitiae
1202 509 1300 545 tuae.

1103 560 1126 601 J
1129 559 1440 601 ustificationes
1459 561 1556 598 tuas
1575 551 1835 596 custodiam:
1854 552 1877 577 *

1053 630 1140 657 non
1161 629 1230 657 me
1250 614 1526 665 derelinquas
1549 611 1876 663 usquequaque.

1104 674 1154 714 In
1202 684 1288 725 quo
1335 669 1512 720 corrigit
1557 665 1879 708 adolescentior

1054 729 1166 770 viam
1195 726 1339 769 suam?
1359 727 1382 752 *
1402 727 1445 767 in
1473 721 1762 766 custodiendo
1791 734 1878 763 ser-

1054 788 1206 826 mones
1226 789 1334 826 tuos.

1106 842 1155 882 In
1180 846 1276 882 toto
1305 838 1438 881 corde
1462 849 1562 878 meo
1589 834 1802 888 exquisivi
1820 838 1879 876 te:

1054 900 1076 924 *
1096 911 1149 940 ne
1169 896 1355 950 repellas
1374 908 1443 936 me
1463 907 1488 935 a
1506 891 1723 934 mandatis
1741 891 1838 933 tuis.

1106 955 1156 995 In
1181 952 1314 995 corde
1342 964 1440 993 meo
1469 947 1681 991 abscondi
1705 947 1880 1000 eloquia

1055 1017 1144 1053 tua:
1164 1011 1186 1036 *
1206 1015 1253 1051 ut
1271 1022 1358 1051 non
1378 1019 1558 1061 peccem
1577 1004 1669 1046 tibi.

1107 1065 1369 1109 BenedIctus
1402 1077 1448 1106 es
1482 1061 1685 1104 Domine:
1717 1060 1740 1086 *
1769 1059 1880 1102 doce

1055 1137 1124 1166 me
1144 1122 1469 1175 justificationes
1492 1124 1601 1161 tuas.

1108 1181 1157 1221 In
1186 1179 1311 1220 labiis
1338 1178 1465 1226 meis,
1492 1176 1515 1201 *
1534 1172 1814 1228 pronuntiavi
1837 1174 1880 1214 o-

1056 1237 1170 1277 mnia
1190 1235 1344 1287 judicia
1364 1234 1451 1275 oris
1471 1232 1543 1274 tui.

1109 1294 1158 1334 In
1173 1293 1242 1333 via
1256 1289 1604 1333 testimoniorum
1618 1289 1795 1328 tuorum
1809 1284 1881 1327 de-

1057 1349 1241 1391 lectatus
1269 1361 1384 1396 sum,
1402 1347 1425 1372 *
1454 1346 1566 1386 sicut
1601 1344 1645 1384 in
1679 1341 1882 1384 omnibus

1058 1405 1228 1447 divitiis.

1109 1463 1158 1503 In
1177 1460 1393 1502 mandatis
1417 1458 1502 1500 tuis
1523 1456 1777 1500 exercebor:
1795 1455 1819 1481 ⁴¹
1839 1459 1883 1496 et

1058 1517 1344 1560 considerabo
1366 1516 1457 1556 vias
1476 1520 1584 1556 tuas.

1108 1576 1158 1616 In
1183 1571 1558 1626 justificationibus
1585 1571 1671 1612 tuis
1703 1567 1883 1611 medita-

1058 1631 1154 1673 bor:
1163 1632 1186 1656 *
1197 1643 1284 1672 non
1295 1629 1527 1671 obliviscar
1538 1629 1763 1670 sermones
1772 1630 1884 1668 tuos.

1062 1736 1310 1842 Retribue
1336 1753 1462 1782 servo
1484 1745 1581 1789 tuo,
1600 1737 1773 1780 vivifica
1799 1749 1885 1778 me:

1163 1800 1185 1825 *
1206 1804 1248 1840 et
1264 1796 1509 1840 custodiam
1526 1797 1751 1837 sermones
1772 1799 1884 1836 tuos.

1112 1855 1276 1897 Revela
1305 1853 1456 1896 oculos
1483 1865 1621 1894 meos:
1640 1852 1664 1878 *
1684 1857 1728 1894 et
1747 1850 1885 1893 consi-

1063 1912 1226 1954 derabo
1246 1909 1458 1952 mirabilia
1478 1908 1532 1951 de
1556 1909 1652 1960 lege
1671 1913 1757 1950 tua.

1114 1968 1262 2010 Incola
1290 1979 1371 2018 ego
1401 1979 1497 2007 sum
1525 1965 1569 2006 in
1596 1970 1728 2007 terra:
1751 1964 1775 1990 *
1798 1975 1887 2005 non

1064 2024 1307 2067 abscondas
1328 2037 1352 2064 a
1370 2035 1440 2064 me
1459 2021 1666 2063 mandata
1684 2026 1770 2062 tua.

1117 2080 1375 2134 Concupivit
1407 2079 1550 2120 anima
1585 2091 1684 2120 mea
1720 2075 1887 2119 deside-

1064 2140 1159 2179 rare
1179 2136 1505 2189 justificationes
1529 2140 1642 2185 tuas,
1660 2135 1684 2161 *
1703 2134 1747 2175 in
1770 2132 1889 2175 omni

1064 2196 1273 2247 tempore.

1117 2249 1356 2302 Increpasti
1380 2249 1609 2302 superbos:
1627 2248 1651 2274 *
1669 2245 1890 2289 maledicti

1068 2307 1140 2359 qui
1159 2306 1376 2348 declinant
1396 2319 1421 2346 a
1440 2304 1656 2346 mandatis
1675 2304 1772 2346 tuis.

1118 2363 1253 2404 Aufer
1272 2374 1297 2402 a
1315 2374 1384 2403 me
1407 2361 1707 2414 opprobrium,
1727 2365 1771 2402 et
1790 2370 1889 2400 con-

1067 2421 1294 2483 temptum:
1330 2419 1352 2443 *
1391 2418 1490 2470 quia
1530 2417 1779 2459 testimonia
1815 2420 1891 2456 tua

1069 2474 1290 2527 exquisivi.

1120 2531 1291 2572 Etenim
1328 2529 1534 2571 sederunt
1570 2529 1810 2582 principes,
1848 2532 1892 2568 et

1070 2586 1300 2627 adversum
1327 2598 1396 2626 me
1424 2585 1730 2638 loquebantur:
1754 2586 1777 2610 *
1805 2597 1891 2626 ser-

1071 2655 1149 2683 vus
1173 2647 1317 2683 autem
1340 2647 1440 2682 tuus
1465 2641 1748 2683 exercebatur
1770 2641 1815 2682 in
1834 2641 1891 2692 ju-

1072 2697 1402 2739 stificationibus
1421 2697 1518 2738 tuis.
