2028 2892
726 165 836 199 Feria
861 172 996 210 quarta
1021 167 1070 201 ad
1099 168 1256 203 Laude&

146 258 195 310 R.
220 257 277 298 Et
304 269 404 298 cum
427 256 530 297 viris
555 257 811 308 sanguinum
835 259 968 300 vitam

143 326 298 355 meam.

195 371 344 423 Temp.
379 372 587 412 paschali.
632 373 727 413 Ant.
776 371 968 424 Alleluja‚

144 425 330 478 allehija,
359 426 541 479 alleluja.

195 478 243 530 V.
264 483 416 524 Gavisi
435 488 536 525 sunt
556 483 769 536 discipuli,
789 484 968 537 alleh'ija.

144 540 193 592 R!-
211 539 322 582 Viso
341 540 547 590 Domino,
567 539 748 593 alleluja.

192 596 278 637 Pro
295 610 381 637 uno
398 597 464 638 vel
487 598 655 649 plurim.
674 599 794 639 Mart.
814 600 964 651 Temp.

141 653 291 694 Pasch.
330 651 379 700 V.
410 653 583 695 Laetitia
610 654 873 707 sempiterna
901 668 967 696 su-

142 721 223 761 per
238 710 384 762 capita
400 712 563 761 cerum,
580 710 761 763 alleluja.
788 712 835 763 Rs.
854 712 967 753 Gau-

144 764 263 807 dium
282 770 325 807 et
343 767 678 809 exsultationem
699 768 967 818 obtinebunt,

141 822 325 875 alleluja.

192 880 276 921 Pro
312 880 431 921 Conf.
468 881 589 921 Pont.
626 881 777 932 Tcmp.
815 881 963 922 l’asch.

139 930 189 982 W.
227 936 298 978 Tu
330 950 377 979 es
414 938 622 980 sacerdos
662 939 707 980 in
747 940 967 988 aeternum,

141 992 323 1046 alleluja.
374 996 424 1047 Rg.
476 994 725 1037 Secundum
771 995 967 1037 ordinem

139 1049 472 1102 Melchisedech,
501 1051 682 1105 alleluJa.

188 1107 274 1147 Pro
303 1107 498 1149 Confess.
521 1120 605 1148 non
636 1108 791 1149 Pontis.
813 1108 963 1160 Temp.

136 1162 287 1227 IJasch.
325 1158 375 1211 V.
410 1164 505 1206 Lex
530 1165 616 1207 Dei
644 1166 734 1218 ejus
761 1166 804 1206 in
833 1165 966 1207 corde

139 1220 361 1319 {3323ss
364 1221 546 1320 “²¹53ssss
550 1223 876 1321 ·.³-⁴³J.¹¹31¹351¹.3¹²5
880 1222 965 1263 Μ’

186 1333 272 1375 Pro
307 1291 395 1376 ung
425 1292 602 1377 Sancta.J
626 1311 778 1389 T⁷emp.
812 1294 961 1378 ll'aisch.

134 1384 184 1437 V.
216 1390 360 1442 Elegit
388 1404 485 1433 eam
511 1392 644 1442 Deus,
675 1397 719 1434 et
742 1392 966 1446 praeelegit

140 1459 253 1496 eam,
288 1447 469 1500 alleluja.
504 1450 555 1500 Rz.
596 1449 648 1489 In
682 1448 965 1491 tabernaculo

139 1515 220 1544 suo
239 1502 437 1546 habitare
456 1505 559 1547 facit
578 1518 685 1556 eam,
706 1506 886 1558 alleluja.

293 1584 606 1612 ——w-sew

393 1651 472 1692 Ad.
500 1652 708 1694 Laudes.

185 1711 285 1753 Ant.
317 1712 518 1765 Amplius
537 1714 635 1756 lava
652 1727 722 1756 me
739 1715 762 1742 *
777 1715 964 1756 Demine

139 1766 194 1811 ab
222 1768 429 1820 injustitia
454 1783 563 1812 mea.

165 1823 256 1864 ·Ps.
283 1824 506 1868 Miserere.
532 1828 598 1868 52.

187 1880 286 1922 Ant.
330 1882 396 1924 Te
424 1882 562 1926 decet.

404 1949 599 1991 Psalmus
628 1951 694 1990 64.

265 2016 288 2045 e
317 2004 445 2046 decet
470 2005 657 2058 hymnus
683 2005 805 2046 Deus
832 2006 876 2046 in
903 2005 962 2046 Si-

146 2066 183 2115 {sn
290 2073 362 2102 on:
382 2062 407 2089 *
426 2066 471 2103 et
487 2061 567 2103 tibi
589 2061 795 2103 reddetur
813 2066 963 2103 votum

164 2114 189 2120 ”
288 2117 332 2158 in
357 2117 609 2160 Jerusalem.

189 2171 361 2215 Exaudi
379 2175 623 2216 orationem
637 2186 794 2216 meam:
808 2175 832 2201 *
847 2172 903 2215 ad.
917 2178 962 2215 te

138 2229 278 2270 omnis
305 2242 407 2272 caro
435 2231 590 2273 veniet.

189 2285 338 2328 Verba
364 2287 611 2340 iniquOrum
643 2286 963 2340 praevaluerunt

138 2354 270 2394 super
304 2356 400 2385 nos:
428 2346 451 2371 *
480 2349 523 2386 et
559 2343 855 2396 impietatibus
888 2355 960 2384 no-

138 2398 239 2439 stris
265 2404 314 2441 tu
340 2400 660 2453 propitiaberis.

189 2454 363 2507 Beatus,
385 2470 514 2509 quem
534 2456 712 2507 elegisti,
736 2462 779 2498 et
799 2469 960 2497 assum-

137 2512 280 2562 psisti:
307 2514 331 2540 *
358 2512 617 2555 inhabitabit
643 2513 687 2553 in
716 2512 834 2554 atriis
864 2513 960 2553 tuis.

188 2568 474 2621 Replebimur
487 2570 531 2610 in
545 2569 671 2611 bonis
687 2568 842 2610 domus
858 2572 961 2609 tuae:

136 2624 160 2650 *
183 2630 382 2667 sanctum
406 2631 473 2668 est
497 2625 709 2678 templum
731 2630 863 2673 tuum,
885 2625 959 2666 mi-

137 2679 274 2723 rabile
302 2682 345 2722 in
371 2682 589 2735 aequitate.

1071 259 1242 301 Exaudi
1274 273 1355 302 nos
1387 261 1506 304 Deus
1539 264 1739 307 salutaris
1767 279 1840 307 no-

1021 320 1119 366 ster,
1145 318 1169 343 *
1187 329 1289 368 spes
1315 318 1504 359 omnium
1527 320 1676 362 finium
1700 327 1840 372 terrae,

1021 377 1065 414 et
1091 372 1135 413 in
1162 373 1269 414 mari
1295 373 1435 425 longe.

1071 429 1329 482 Praeparans
1373 437 1543 474 montes
1593 434 1636 475 in
1680 435 1839 477 virtute

1019 490 1104 534 tua,
1128 488 1348 528 accinctus
1371 490 1581 539 potentia:
1602 492 1625 517 *
1645 492 1718 543 qui
1741 504 1839 533 con-

1019 541 1170 583 ti'irbas
1211 543 1474 595 profandum
1513 546 1643 587 maris
1686 560 1839 590 sonum

1020 598 1231 640 fluctuum
1259 601 1360 651 ejus.

1072 655 1383 698 Turbabimtur
1419 657 1597 709 GenteS‚
1639 665 1682 702 et
1720 661 1838 703 time-

1020 710 1129 753 bunt
1144 713 1218 764 qui
1233 712 1430 755 habitant
1443 715 1650 757 terminos
1667 730 1692 758 a
1707 718 1838 768 signis

1019 768 1119 808 tuis:
1145 770 1168 795 *
1194 769 1334 811 exitus
1352 772 1559 822 matutini,
1588 777 1632 814 et
1658 775 1838 826 vespere

1022 824 1271 867 delectabis.

1071 881 1270 924 Visitasti
1310 888 1489 935 terram,
1536 890 1579 927 et
1618 886 1839 929 inebriasti

1021 950 1132 978 eam:
1173 940 1196 965 *
1236 939 1533 992 multiplicasti
1572 941 1839 996 locupletare

1021 1006 1127 1035 eam.

1071 1050 1252 1092 Flumen
1271 1052 1354 1093 Dei
1378 1053 1590 1106 repletum
1615 1061 1681 1098 est
1706 1057 1839 1109 aquis

1020 1108 1185 1159 parasti
1208 1108 1351 1149 cibum
1374 1109 1559 1152 illorum:
1586 1113 1610 1139 *
1638 1114 1839 1165 queniam

1018 1163 1079 1205 ita
1106 1170 1173 1206 est
1199 1167 1463 1218 praeparatio
1492 1168 1591 1219 ejus.

1069 1221 1207 1263 Rivos
1251 1223 1340 1274 ejus
1385 1223 1565 1274 inebria,
1602 1225 1839 1278 multiplica

1018 1279 1235 1327 genimina
1259 1280 1363 1331 ejus:
1383 1282 1406 1307 *
1425 1280 1468 1321 in
1497 1281 1724 1323 stillicidiis
1749 1283 1837 1334 ejus

1018 1334 1237 1377 laetabitur
1263 1337 1518 1386 germinans.

1070 1391 1312 1434 Benedices
1332 1396 1505 1435 coronae
1532 1395 1630 1435 anni
1649 1394 1836 1445 benigni-

1017 1448 1120 1489 tatis
1153 1454 1255 1490 tuae:
1292 1451 1315 1477 *
1352 1455 1395 1491 et
1431 1451 1572 1503 campi
1607 1451 1669 1493 tui
1702 1451 1836 1503 reple-

1018 1503 1177 1546 buntur
1204 1505 1413 1547 ubertate.

1068 1561 1357 1612 Pinguescent
1384 1563 1583 1615 speciosa
1610 1563 1785 1605 deserti:
1812 1565 1835 1590 *

1018 1622 1061 1659 et
1085 1618 1372 1661 exsultatione
1393 1618 1527 1661 colles
1551 1620 1835 1670 accingentur.

1068 1673 1215 1716 Induti
1255 1680 1354 1717 sunt
1393 1678 1549 1718 arietes
1593 1676 1751 1726 evium,
1793 1682 1836 1718 et

1017 1730 1153 1772 valles
1207 1730 1491 1774 abundabunt
1536 1733 1766 1774 frumento:
1812 1735 1835 1760 *

1017 1786 1275 1837 clamabunt,
1291 1789 1450 1830 etenim
1464 1789 1669 1842 hymnum
1683 1789 1836 1831 dicent.

1069 1852 1167 1890 Ant.
1195 1850 1258 1890 Te
1287 1848 1414 1891 decet
1440 1849 1623 1902 hymnus
1647 1850 1767 1892 Deus
1792 1851 1834 1891 in

1015 1903 1129 1946 Sion.

1069 1962 1167 2003 Ant.
1194 1961 1332 2003 Labia
1358 1975 1455 2003 mea
1481 1963 1506 1990 *
1528 1961 1764 2005 laudabunt
1790 1968 1833 2005 te

1015 2017 1058 2057 in
1086 2017 1175 2058 vita
1203 2030 1310 2068 mea,
1337 2018 1458 2060 Deus
1485 2032 1617 2060 meus.

1067 2081 1135 2122 Ps.
1178 2082 1298 2122 Deus
1325 2079 1445 2120 Deus
1468 2092 1600 2120 meus.
1627 2080 1685 2120 16.

1067 2143 1165 2184 Ant.
1192 2140 1406 2182 Dominus
1433 2139 1647 2191 judicabit.

1083 2225 1306 2266 Canticum
1336 2223 1484 2263 Annae.
1581 2224 1607 2258 Ι.
1624 2223 1713 2267 Reg.
1729 2223 1759 2256 2.

1013 2285 1302 2391 Exsultavit
1320 2303 1396 2332 cor
1414 2303 1555 2332 meum
1574 2290 1617 2330 in
1631 2289 1829 2340 Domino,

1119 2348 1143 2374 *
1169 2351 1212 2388 et
1237 2346 1471 2388 exaltatum.
1498 2351 1564 2387 est
1587 2358 1723 2388 comu
1745 2360 1830 2388 me·

1014 2416 1087 2443 um
1114 2403 1156 2443 in
1184 2403 1280 2444 Deo
1307 2415 1415 2443 meo.

1065 2459 1302 2500 Dilatatum
1336 2463 1403 2499 est
1436 2470 1486 2498 os
1521 2471 1665 2499 meum
1701 2471 1831 2511 super

1013 2515 1209 2556 inimicos
1236 2527 1373 2555 meos:
1390 2515 1413 2540 *
1433 2514 1533 2565 quia
1559 2513 1706 2557 laetata
1734 2528 1829 2556 sum

995 2621 999 2625 Δ
1013 2572 1058 2612 in
1085 2571 1262 2613 salutari
1287 2575 1374 2611 tuo.

1063 2628 1163 2669 Non
1191 2631 1257 2668 est
1284 2630 1473 2676 sanctus,
1506 2631 1553 2668 ut
1587 2631 1653 2668 est
1683 2626 1828 2667 Domi-

1012 2697 1108 2725 nus:
1143 2695 1282 2734 neque
1316 2682 1430 2723 enim
1466 2687 1533 2724 est
1566 2682 1674 2724 alius
1707 2687 1828 2723 extra
