2028 2892
171 200 220 235 98
769 197 939 229 &abbam
965 194 1012 227 ad
1040 192 1274 226 Matutinum.

171 246 1878 267 —f—

225 294 306 343 Qui
332 292 460 344 ponis
486 291 646 331 nubem
676 290 905 329 ascensum
932 292 995 327 tu-

174 364 262 391 um:
290 351 313 375 *
341 349 413 399 qui
442 346 640 388 ambulas
670 357 803 397 super
830 355 996 396 pennas

174 407 414 446 ventarum.

226 461 308 510 Qui
327 460 432 500 facis
453 458 646 509 Angelos
665 463 780 505 tuos,
803 455 996 508 spiritus:

175 519 197 543 *
215 523 258 557 et
274 516 497 556 ministros
512 520 612 555 tuos
627 514 770 564 ignem
788 513 997 553 urentem.

226 573 309 622 Qui
330 571 521 612 fundasti
542 576 703 611 terram
720 581 852 620 super
867 567 996 608 stabi-

176 629 342 670 litatem
361 640 498 668 suam:
515 629 537 653 *
554 638 640 666 non
655 623 936 666 inclinabitur
954 624 995 663 in

176 684 383 725 saeculum
405 683 564 723 saeculi.

227 740 435 791 Abyssus,
450 739 562 779 sicut
577 737 884 779 vestimentum
896 737 998 775 ami-

177 802 273 837 ctus
293 797 398 847 ejus:
418 797 440 822 *
460 807 591 847 super
619 798 790 833 montes
819 791 998 832 stabunt

176 864 313 903 aquae.

228 907 298 948 Ab
318 906 617 959 increpatione
636 910 710 946 tua
731 904 910 954 fugient:
930 905 953 929 *
973 916 998 943 a

178 976 286 1005 voce
306 963 487 1004 tonitrui
506 962 568 1003 tui
590 959 897 1002 formidabunt.

229 1018 486 1060 Ascendunt
523 1022 708 1058 montes:
745 1021 788 1057 et
821 1015 998 1056 descen-

178 1075 285 1116 dunt
305 1075 447 1127 campi
468 1076 490 1101 *
510 1074 552 1114 in
572 1074 734 1122 locum,
759 1085 888 1124 quem
908 1072 998 1112 fun-

179 1131 290 1172 dasti
312 1132 385 1172 eis.

229 1188 483 1227 Terminum
511 1186 714 1239 posuisti,
753 1198 883 1237 quem
912 1197 998 1225 non

178 1242 571 1293 transgredientur:
598 1244 621 1269 *
650 1254 793 1293 neque
821 1254 999 1282 conver-

178 1301 325 1340 tentur
345 1301 517 1351 operire
534 1305 707 1340 terram.

231 1355 313 1405 Qui
348 1356 511 1396 emittis
545 1355 688 1395 fontes
723 1355 766 1394 in
795 1354 1000 1395 convalli-

179 1411 277 1452 bus:
291 1414 314 1438 *
332 1411 443 1451 inter
462 1410 654 1451 medium
673 1411 887 1451 montium
906 1423 1000 1462 per-

179 1466 427 1508 transibunt
446 1479 583 1518 aquae.

232 1522 453 1564 Potabunt
481 1535 633 1563 omnes
660 1522 816 1563 bestiae
842 1523 951 1573 agri:
979 1524 1002 1549 *

180 1578 499 1630 exspectabunt
518 1579 669 1629 (magri
688 1579 731 1618 in
752 1578 824 1619 siti
844 1591 933 1619 sua.

231 1635 370 1686 Super
398 1647 449 1675 ea
473 1634 674 1675 volucres
707 1634 809 1675 coeli
837 1634 1002 1675 habita-

182 1690 305 1731 bunt:
319 1691 343 1716 *
357 1690 412 1731 de
426 1690 571 1731 medio
590 1692 815 1742 petrarum
836 1690 1003 1732 dabunt

182 1758 326 1787 voces.

235 1802 398 1851 Rigans
425 1807 597 1842 montes
626 1801 681 1843 de
702 1802 1004 1854 superioribus

183 1858 288 1898 suis:
314 1860 336 1884 *
363 1857 417 1899 de
446 1858 587 1898 fructu
616 1860 798 1910 eperum
827 1860 1003 1899 tuorum

183 1913 414 1955 satiabitur
434 1918 568 1955 terra:

235 1969 491 2011 producens
512 1970 675 2011 foenum
690 1971 903 2021 jumentis
919 1973 942 1997 *
963 1976 1006 2012 et

184 2025 365 2067 herbam
388 2026 589 2067 serviti'iti
608 2025 848 2067 heminum:

236 2082 295 2122 Ut
320 2081 482 2123 educas
506 2094 663 2133 panem
686 2082 740 2123 de
765 2088 897 2123 terra:
920 2084 943 2109 *
964 2088 1007 2123 et

187 2138 332 2178 vinum
352 2137 547 2179 laetificet
566 2150 643 2178 cor
663 2137 868 2178 heminis:

238 2194 295 2234 Ut
317 2193 530 2234 exhilaret
549 2193 703 2234 faciem
725 2194 767 2233 in
789 2194 903 2235 oleo:
921 2196 943 2220 *
965 2199 1008 2235 et

186 2250 310 2301 panis
330 2262 405 2290 cor
425 2249 613 2290 h0minis
635 2250 874 2291 confirmet.

238 2305 557 2347 saturabuntur
578 2305 693 2356 ligna
707 2306 862 2357 campi,
882 2311 926 2347 et
943 2319 1008 2347 ce-

189 2360 254 2401 dri
282 2360 452 2410 Libani,
481 2374 589 2413 quas
617 2361 847 2413 plantavit:
874 2364 895 2388 *
921 2361 1009 2402 illic

188 2418 389 2468 passeres
410 2417 708 2458 nidificabunt.

242 2472 423 2512 Heredii
444 2473 600 2514 domus
621 2473 710 2514 dux
725 2479 792 2514 est
804 2475 971 2514 earum:
987 2476 1010 2500 *

190 2533 360 2568 montes
385 2529 543 2568 excelsi
569 2530 728 2570 cervis:
757 2534 882 2580 petra
901 2529 1010 2570 refu-

191 2583 307 2631 gium
332 2583 572 2624 herinaciis.

242 2638 364 2679 Fecit
395 2639 540 2679 lunam
570 2641 613 2681 in
645 2643 861 2693 tempora:
889 2643 911 2667 *
944 2642 1011 2682 sol

191 2695 396 2746 cognovit
416 2698 618 2737 occasum
638 2710 774 2738 suum.

1100 283 1294 324 Posuisti
1322 281 1545 329 tenebras,
1583 284 1628 320 et
1661 279 1777 320 facta
1811 283 1879 320 est

1049 353 1153 380 nox:
1164 339 1242 379 *in
1262 339 1358 391 ipsa
1379 335 1710 390 pertransibunt
1725 347 1879 376 omnes

1048 396 1204 437 bestiae
1225 395 1358 435 silvae.

1101 451 1242 493 Catuli
1272 450 1449 491 leonum
1478 448 1718 498 rugientes,
1745 452 1795 488 ut
1813 449 1879 487 ra-

1048 509 1186 561 piant,
1206 509 1230 534 *
1251 511 1294 548 et
1325 510 1524 558 quaerant
1552 517 1578 545 a
1606 504 1703 545 Deo
1733 515 1879 544 escam

1050 565 1143 606 sibi.

1102 621 1237 662 Ortus
1252 625 1319 661 est
1336 619 1414 668 sol,
1433 623 1476 659 et
1493 616 1749 668 congregati
1765 620 1881 656 sunt:

1050 680 1072 704 *
1089 683 1132 718 et
1147 677 1189 717 in
1202 675 1420 717 cubilibus
1432 675 1521 715 suis
1533 672 1882 715 collocabuntur.

1102 732 1251 773 Exibit
1269 732 1402 772 homo
1423 730 1480 772 ad
1495 743 1610 783 opus
1631 742 1774 770 suum:
1793 730 1818 755 *
1837 733 1882 769 et

1051 789 1107 830 ad
1140 789 1445 841 operationem
1485 799 1611 828 suam
1649 797 1790 837 usque
1823 783 1882 826 ad

1051 848 1295 898 vesperum.
1770 869 1781 873 -

1103 903 1243 951 Quam
1284 899 1564 951 magnificata
1605 902 1707 939 sunt
1745 899 1882 949 opera

1051 964 1126 1000 tua
1152 956 1357 998 Demine!
1378 958 1401 983 *
1422 955 1568 997 omnia
1594 955 1639 994 in
1665 953 1882 1006 sapientia

1052 1013 1208 1055 fecisti:
1242 1013 1423 1065 impleta
1457 1017 1525 1054 est
1558 1015 1678 1052 terra
1705 1021 1882 1062 posses-

1053 1071 1176 1111 sione
1199 1075 1284 1111 tua.

1104 1127 1203 1168 Hoc
1218 1139 1339 1167 mare
1349 1137 1567 1175 magnum,
1583 1128 1626 1164 et
1637 1123 1884 1175 spatiosum

1053 1183 1268 1224 manibus:
1296 1184 1320 1209 *
1348 1181 1437 1222 illic
1465 1179 1658 1233 reptilia,
1693 1191 1884 1230 quorum

1053 1252 1142 1280 non
1161 1244 1229 1280 est
1249 1242 1468 1279 numerus.

1105 1295 1325 1336 Animalia
1351 1293 1511 1346 pusilla
1537 1306 1638 1334 cum
1657 1291 1840 1343 magnis:
1861 1292 1885 1318 *

1053 1352 1143 1393 illic
1161 1365 1296 1393 naves
1315 1349 1660 1403 pertransibunt.

1105 1409 1252 1449 Draco
1272 1408 1368 1456 iste,
1389 1419 1520 1458 quem
1539 1405 1743 1447 formasti
1762 1403 1820 1446 ad
1838 1403 1886 1444 il-

1054 1463 1296 1506 ludendum
1317 1463 1371 1504 ei:
1389 1465 1412 1490 *
1433 1463 1581 1504 omnia
1608 1474 1635 1503 a
1660 1466 1706 1503 te
1734 1461 1887 1513 exspe-

1055 1526 1176 1562 ctant
1191 1526 1240 1562 ut
1255 1519 1334 1561 des
1352 1519 1438 1560 illis
1454 1531 1600 1560 escam
1614 1518 1660 1558 in
1673 1519 1887 1570 tempore.

1107 1577 1252 1618 Dante
1280 1581 1324 1618 te
1353 1576 1454 1627 illis,
1483 1575 1707 1626 colligent:
1735 1575 1759 1601 *
1786 1585 1887 1626 ape-

1057 1634 1196 1674 riente
1214 1638 1259 1674 te
1278 1645 1457 1673 manum
1474 1637 1615 1681 tuam,
1645 1630 1792 1672 omnia
1811 1630 1888 1670 im-

1056 1689 1294 1741 plebuntur
1313 1689 1524 1730 bonitate.

1108 1745 1350 1786 Avertente
1369 1749 1518 1786 autem
1536 1749 1582 1787 te
1600 1743 1774 1792 faciem,
1798 1746 1887 1784 tur-

1057 1801 1293 1843 babuntur:
1321 1803 1345 1828 *
1373 1801 1546 1842 auferes
1579 1799 1785 1852 spiritum
1817 1799 1888 1840 eo-

1058 1871 1171 1907 rum,
1200 1863 1245 1899 et
1274 1857 1498 1906 deficient,
1526 1862 1571 1898 et
1593 1857 1639 1897 in
1658 1855 1889 1908 pulverem

1059 1927 1186 1955 suum
1204 1916 1491 1956 revertentur.

1110 1971 1297 2012 Emittes
1315 1970 1520 2022 spiritum
1537 1974 1677 2019 tuum,
1706 1974 1751 2010 et
1772 1980 1889 2010 crea-

1059 2026 1221 2068 buntur
1228 2043 1236 2066 :
1244 2028 1268 2054 *
1277 2032 1321 2068 et
1332 2025 1567 2068 renovabis
1578 2026 1737 2067 faciem
1746 2030 1890 2066 terrae.

1111 2083 1176 2124 Sit
1196 2083 1335 2134 gleria
1357 2083 1538 2124 Demini
1557 2082 1601 2122 in
1622 2081 1848 2123 saeculum:
1867 2082 1891 2108 *

1061 2139 1283 2180 laetabitur
1291 2139 1507 2180 Deminus
1516 2139 1560 2178 in
1571 2137 1782 2190 operibus
1790 2137 1891 2178 suis.

1113 2195 1197 2245 Qui
1217 2196 1398 2247 respicit
1416 2200 1592 2244 terram,
1612 2199 1656 2236 et
1671 2194 1777 2235 facit
1794 2206 1891 2234 eam

1062 2253 1264 2292 tremere:
1292 2253 1315 2278 *
1345 2252 1419 2302 qui
1448 2252 1590 2302 tangit
1617 2255 1810 2299 montes,
1847 2254 1891 2290 et

1063 2307 1285 2358 fumigant.

1114 2363 1313 2404 Cantabo
1335 2364 1528 2404 Domino
1558 2364 1602 2404 in
1626 2363 1716 2404 vita
1734 2374 1848 2403 mea:
1868 2363 1891 2388 *

1063 2419 1247 2471 psallam
1266 2420 1362 2459 Deo
1379 2432 1492 2469 meo,
1513 2418 1723 2471 quamdiu
1743 2431 1851 2459 sum.

1114 2475 1138 2515 J
1141 2474 1363 2516 uci'mdum
1375 2475 1432 2515 sit
1444 2476 1483 2516 ei
1495 2475 1719 2526 elequium
1730 2486 1892 2515 meum:

1064 2533 1087 2557 *
1107 2543 1188 2581 ego
1213 2543 1318 2571 vero
1342 2530 1601 2572 delectabor
1623 2531 1667 2571 in
1687 2529 1892 2571 Domino.

1115 2587 1336 2627 Deficiant
1360 2588 1619 2638 peccatores
1642 2599 1668 2627 a
1686 2591 1820 2634 terra,
1848 2589 1893 2625 et

1066 2643 1201 2693 iniqui
1235 2642 1295 2686 ita
1328 2647 1376 2682 ut
1409 2654 1497 2682 non
1530 2643 1632 2683 sint:
1656 2644 1680 2669 *
1704 2640 1892 2683 benedic

1066 2698 1209 2738 anima
1228 2710 1325 2739 mea
1346 2697 1548 2739 Demino.
