2066 2956
525 231 596 265 Die
620 232 672 266 26.
698 233 856 275 Aprilis.
904 234 944 267 B.
970 235 1015 268 M.
1042 235 1084 268 V.
1113 235 1158 268 de
1184 235 1293 269 Bono
1320 236 1503 271 Consilio.

162 326 362 367 foeditate
387 325 609 374 confusus,
639 324 785 376 judicii
808 325 993 368 horrore

162 382 436 435 perterritus,
466 381 675 423 barathro
709 382 892 435 incipias
920 383 992 424 ab·

163 437 994 491 sorberitristitiae,desperationisabys-

162 507 230 544 so,
251 494 396 544 cogita
414 494 608 534 Mariam.
636 495 686 534 In
705 495 926 546 periculis,
949 496 993 536 in

162 550 390 600 angustiis,
414 549 458 590 in
478 549 611 591 rebus
631 549 791 599 dubiis,
810 551 993 592 Mariam

162 606 322 656 cogita,
347 606 530 646 Mariam
554 608 722 647 invoca.
759 607 909 659 Ipsam
928 620 991 649 se-

162 674 317 713 quenS,
345 674 434 703 non
459 661 624 703 devias:
652 662 794 715 ipsam
820 676 992 714 rogans,

160 731 248 759 non
268 717 495 770 desperas:
514 718 657 770 ipsam
676 719 884 769 cogitans,
903 732 992 760 non

161 787 295 815 erras:
332 775 429 826 ipsa
460 776 651 830 tenente,
689 788 778 816 non
811 776 992 816 corruis:

161 830 259 882 ipsa
283 832 544 883 protegente
572 843 660 872 non
686 832 861 872 metuis:
895 832 992 884 ipsa

162 886 274 927 duce
306 899 394 928 non
426 887 638 937 fatigaris:
669 887 766 939 ipsa
798 889 991 940 propitia

159 943 380 995 pervenis,
401 948 444 984 et
464 943 526 984 sic
544 943 587 983 in
606 946 841 996 temetipso
860 957 988 996 expe-

159 999 257 1039 riris
292 1011 423 1051 quam
455 999 611 1040 merito
646 998 811 1040 dictum
844 1000 914 1041 sit:
947 1005 990 1041 et

159 1068 319 1096 nomen
338 1055 531 1106 Virginis
550 1055 699 1096 Maria.

210 1125 262 1176 Rz.
296 1124 395 1165 Filii
422 1124 570 1166 audite
597 1137 682 1166 me:
704 1126 726 1150 *
762 1126 889 1167 Beati
917 1126 991 1176 qui

161 1180 411 1222 custodiant
419 1181 511 1221 vias
520 1193 652 1230 meaS,
661 1181 842 1232 alleluja.
851 1177 901 1229 V.
911 1181 990 1222 Au-

160 1235 251 1277 dite
277 1235 553 1289 disciplinam
582 1242 626 1278 et
651 1240 794 1279 estate
820 1237 988 1289 sapien-

159 1297 226 1333 tes
246 1297 290 1333 et
307 1292 443 1333 nolite
463 1292 649 1344 abjicere
670 1306 776 1334 eam.
804 1294 941 1334 Beati.

442 1379 592 1420 Lectio
614 1380 699 1419 viii.

135 1442 358 1548 ,Intuere
389 1465 415 1493 o
443 1451 595 1501 homo,
630 1452 859 1493 consilium
887 1453 988 1503 Dei,

227 1510 417 1558 agnosce
464 1507 695 1549 consilium
746 1509 988 1560 sapientiae,

158 1564 386 1606 consilium
416 1564 605 1616 pietatis.
658 1563 988 1617 Redempturus

155 1621 394 1662 humanum
419 1632 572 1671 genus,
601 1621 791 1672 pretium
819 1621 987 1662 univer-

156 1691 254 1718 sum
272 1676 457 1718 contulit
475 1676 519 1717 in
538 1676 731 1717 Mariam.
760 1676 904 1718 Altius
924 1690 987 1718 er-

155 1746 212 1785 go
232 1732 458 1774 intuemini
479 1737 642 1784 quanto
660 1732 908 1774 devoti6nis
929 1733 986 1773 af-

156 1789 274 1831 fectu
290 1801 316 1830 a
329 1788 456 1830 nobis
472 1788 660 1830 voluerit
674 1788 892 1838 honorari,
913 1789 987 1841 qui

155 1848 292 1887 totius
310 1844 417 1886 boni
436 1844 755 1897 plenitudinem
775 1845 925 1897 posuit
943 1845 987 1886 in

155 1902 309 1942 Maria:
336 1906 385 1942 ut
409 1900 609 1953 proinde,
636 1901 674 1941 si
699 1899 804 1952 quid
828 1901 924 1953 spei
943 1902 986 1942 in

155 1957 284 1999 nobis
313 1962 396 2007 est,
426 1957 463 1997 si
489 1956 595 2008 quid
618 1957 790 2007 gratiae,
819 1957 855 1997 si
881 1957 986 2009 quid

155 2013 325 2063 salutis,
352 2013 407 2054 ab
428 2025 479 2054 ea
498 2013 749 2053 noverimus
770 2011 984 2054 redunda—

155 2082 217 2119 re,
247 2082 346 2121 quae
371 2067 569 2110 ascendit
594 2067 761 2109 deliciis
790 2068 985 2109 affluens.

154 2125 283 2166 Tolle
302 2125 485 2166 Mariam
507 2123 620 2164 hanc
643 2123 775 2164 maris
802 2123 984 2174 stellam,

156 2181 262 2233 quid
284 2181 368 2222 nisi
392 2180 533 2230 caligo
557 2179 802 2228 involvens,
829 2179 984 2221 umbra

153 2237 326 2287 mortis,
351 2242 395 2278 et
414 2235 684 2278 densissimae
704 2235 900 2276 tenebrae
919 2248 982 2276 re-

153 2290 430 2344 linquuntur?
483 2291 609 2332 Totis
643 2303 747 2341 ergo
779 2291 983 2332 medullis

154 2349 369 2398 cordium,
388 2348 495 2390 totis
513 2346 861 2400 praecordiorum
883 2347 981 2388 affe-

154 2404 313 2453 ctibus,
347 2409 390 2445 et
422 2404 537 2445 votis
571 2403 772 2444 omnibus
798 2403 982 2443 Mariam

152 2460 264 2502 hane
288 2462 562 2509 veneremur,
597 2459 698 2511 quia
726 2459 789 2500 sic
817 2464 884 2500 est
907 2471 979 2499 vo-

153 2515 298 2558 luntas
318 2517 425 2567 ejus,
455 2516 527 2567 qui
550 2520 692 2557 totum
715 2527 796 2555 nos
819 2514 981 2555 habere

154 2572 291 2613 voluit
309 2585 389 2624 per
408 2572 600 2612 Mariam.
632 2572 682 2611 In
707 2570 907 2611 omnibus
927 2573 979 2611 si-

155 2628 347 2679 quidem,
380 2633 424 2669 et
456 2640 536 2680 per
568 2627 711 2667 emnia
742 2624 979 2677 providens

152 2683 321 2724 miseris
340 2683 680 2736 trepidationem
698 2687 892 2722 nostram
911 2694 978 2722 so-

153 2738 277 2789 latur,
297 2739 430 2781 fidem
450 2739 621 2788 excitat,
643 2750 767 2789 spem
786 2737 977 2786 reborat,

1045 327 1334 392 diffidentiam
1362 330 1513 382 abigit,
1543 333 1669 385 erigit
1697 334 1871 386 pusilla-

1042 385 1296 426 mmitatem.

1096 442 1145 492 Ει.
1184 441 1452 494 Principium
1486 445 1713 496 sapientiae
1741 446 1872 487 timor

1042 496 1238 538 Demini:
1267 500 1289 523 *
1317 498 1374 540 Et
1406 500 1587 542 scientia
1619 504 1871 543 sanctorum

1042 553 1287 605 prudentia,
1307 554 1487 607 alleluja.
1510 551 1558 602 V.
1573 557 1657 598 Per
1671 571 1740 598 me
1757 559 1871 599 enim

1042 609 1446 662 multiplicabantur
1479 611 1572 654 dies
1606 614 1683 663 tui,
1722 619 1765 654 et
1799 614 1870 655 ad-

1043 664 1199 707 dentur
1230 666 1310 707 tibi
1338 668 1437 707 anni
1464 668 1576 709 vitae.
1614 669 1682 710 Et.
1720 670 1871 712 Gloria

1042 721 1172 763 Patri.
1207 722 1275 763 Et.

1344 775 1495 815 Lectio
1518 777 1571 816 ix.

1121 832 1150 875 d
1184 834 1360 876 Patrem
1395 836 1618 877 verebaris
1650 837 1870 887 accedere,

1156 890 1252 931 solo
1285 890 1437 933 auditu
1469 892 1646 934 territus
1679 893 1736 934 ad
1768 894 1871 935 folia

1040 946 1253 996 fugiebas:
1280 947 1305 987 J
1308 960 1430 988 esum
1455 947 1535 989 tibi
1563 948 1685 991 dedit
1709 950 1869 991 media-

1040 1004 1193 1043 torem.
1229 1002 1317 1044 Sed
1335 1003 1519 1045 fersitan
1541 1010 1584 1046 et
1603 1005 1646 1045 in
1666 1006 1763 1057 ipso
1783 1019 1869 1046 ma-

1040 1059 1243 1109 jestatem
1274 1062 1455 1101 vereare
1493 1060 1700 1111 divinam,
1740 1061 1870 1113 quod,

1040 1113 1143 1155 licet
1162 1115 1301 1156 factus
1327 1116 1383 1157 sit
1400 1115 1551 1166 homo,
1578 1118 1785 1159 manserit
1808 1124 1869 1159 ta-

1041 1183 1141 1210 men
1160 1171 1292 1211 Deus.
1325 1171 1605 1214 Advocatum
1624 1173 1785 1215 habere
1805 1174 1869 1214 vis

1041 1231 1084 1267 et
1109 1226 1165 1267 ad
1183 1226 1350 1278 ipsum?
1382 1227 1455 1268 Ad
1477 1228 1660 1269 Mariam
1683 1233 1870 1271 recurre.

1041 1283 1154 1323 Pura
1172 1283 1388 1334 siquidem
1404 1284 1649 1325 humanitas
1664 1285 1707 1325 in
1723 1285 1870 1326 Maria.

1039 1338 1134 1379 Nec
1155 1339 1313 1380 dubius
1333 1339 1527 1390 dixerim,
1550 1340 1808 1382 exaudietur
1827 1347 1871 1383 et

1039 1394 1136 1446 ipsa
1159 1407 1240 1446 pro
1266 1396 1509 1437 reverentia
1531 1410 1619 1438 sua.
1652 1397 1870 1439 Exaudiet

1039 1451 1191 1501 utique
1211 1451 1397 1492 Matrem
1417 1452 1569 1501 Filius,
1596 1458 1640 1494 et
1666 1453 1869 1494 exaudiet

1038 1506 1197 1546 Filium
1223 1507 1365 1548 Pater.
1404 1508 1563 1557 Filioli,
1591 1508 1687 1549 haec
1714 1522 1867 1561 pecca-

1038 1564 1184 1603 torum
1204 1563 1338 1612 scala,
1366 1563 1462 1605 haec
1487 1577 1584 1605 mea
1607 1566 1797 1605 maxima
1822 1565 1868 1605 fi-

1039 1618 1169 1659 ducia
1188 1624 1266 1668 est,
1285 1618 1382 1660 haec
1399 1625 1494 1661 tota
1510 1621 1620 1661 ratio
1637 1621 1731 1673 spei
1746 1634 1868 1662 meae.

1039 1674 1154 1724 Quid
1170 1675 1307 1715 enim?
1327 1676 1483 1717 Potest
1501 1689 1555 1717 ne
1574 1676 1689 1717 filius
1709 1682 1784 1718 aut
1803 1690 1867 1718 re—

1037 1730 1220 1782 pellere,
1263 1736 1338 1772 aut
1375 1732 1588 1773 sustinere
1624 1732 1867 1784 repulsam?

1036 1786 1138 1827 Non
1163 1786 1331 1836 audire,
1359 1793 1434 1829 aut
1457 1801 1544 1829 non
1568 1788 1709 1829 audiri
1732 1788 1867 1829 Filius

1036 1841 1207 1895 potest?
1240 1843 1456 1885 Neutrum
1475 1844 1615 1896 plane.
1647 1845 1867 1894 Invenisti,

1038 1899 1097 1940 ait
1120 1898 1333 1949 Angelus,
1359 1901 1543 1950 gratiam
1565 1900 1683 1953 apud
1707 1901 1865 1941 Deum:

1036 1955 1231 1996 feliciter.
1259 1955 1440 2007 Semper
1457 1956 1552 1997 haec
1566 1956 1756 1998 inveniet
1770 1959 1864 2006 gra-

1035 2011 1158 2060 tiam,
1186 2016 1229 2051 et
1254 2010 1348 2051 sola
1372 2017 1439 2053 est
1461 2012 1601 2062 gratia
1622 2025 1706 2064 qua
1727 2012 1862 2053 salva-

1035 2080 1141 2108 mur.
1178 2067 1292 2117 Quid
1311 2080 1392 2109 nos
1413 2067 1495 2108 alia
1515 2068 1864 2120 concupiscimus

1034 2121 1213 2164 fratres?
1234 2124 1492 2173 Quaeramus
1512 2123 1706 2174 gratiam,
1727 2128 1770 2164 et
1784 2136 1863 2176 per

1034 2178 1217 2220 Mariam
1229 2182 1488 2231 quaeramus,
1506 2180 1606 2230 quia
1622 2178 1741 2231 quod
1755 2191 1864 2230 quae-

1034 2234 1091 2275 rit
1109 2236 1289 2285 invenit,
1316 2240 1360 2276 et
1380 2235 1578 2276 frustrari
1597 2247 1684 2275 non
1703 2240 1861 2287 potest.

1035 2291 1293 2340 Quaeramus
1325 2291 1528 2341 gratiam,
1566 2289 1646 2331 sed
1676 2290 1861 2340 gratiam

1034 2345 1153 2398 apud
1184 2347 1342 2387 Deum:
1381 2359 1482 2386 nam
1513 2345 1631 2398 apud
1662 2346 1860 2387 homines

1033 2403 1174 2452 gratia
1206 2401 1348 2442 fallax.
1394 2402 1601 2451 Quaerant
1632 2401 1705 2442 alii
1735 2402 1858 2442 meri-

1032 2463 1139 2507 tum,
1164 2471 1246 2499 nos
1271 2458 1464 2498 invenire
1482 2458 1667 2507 gratiam
1686 2457 1858 2499 studea-

1032 2527 1140 2554 mus.
1178 2512 1293 2563 Quid
1317 2512 1451 2553 enim?
1490 2513 1591 2554 Non
1613 2514 1766 2563 gratiae
1793 2518 1859 2555 est

1034 2569 1153 2621 quod
1177 2569 1247 2609 hic
1271 2568 1442 2609 sumus?
1469 2569 1675 2610 Profecto
1694 2569 1857 2610 miseri-

1032 2625 1197 2666 cordiae
1215 2624 1393 2665 Demini
1419 2629 1502 2673 est,
1531 2624 1651 2675 quod
1675 2637 1763 2666 non
1790 2638 1856 2665 su-

1030 2695 1127 2722 mus
1147 2680 1406 2732 consumpti.

1090 2735 1147 2778 Te
1166 2737 1308 2777 Deum
1326 2735 1564 2776 laudamus.
1584 2736 1643 2776 15.
