2066 2904
255 285 385 328 stras,
414 284 457 320 et
480 277 709 320 elevamini
731 282 875 330 portae
900 279 1081 318 aeterna-

253 337 331 378 les:
351 336 374 361 *
394 340 438 377 et
455 334 654 376 introibit
673 334 770 375 Rex
790 333 954 385 gloriae.

305 392 412 442 Quis
437 395 504 433 est
528 391 611 432 iste
635 390 733 431 Rex
754 388 929 441 gloriae?
950 390 973 415 *
993 389 1081 430 Do-

254 448 394 489 minus
420 448 631 489 virtutum
655 447 750 499 ipse
776 451 844 488 est
866 446 963 488 Rex
990 445 1081 497 glo-

254 518 341 546 r1ae.

308 576 340 614 A
349 581 403 614 nt.
458 572 618 614 Tollite
662 576 816 624 portas
860 571 1081 624 principes

254 635 438 678 vestras,
466 634 510 671 et
536 628 766 671 elevamini
790 633 932 680 portae
958 632 1082 668 aeter-

253 686 386 727 nales.

308 763 404 801 Ant.
448 759 545 800 Erit
582 758 689 798 mihi
724 758 747 784 *
784 757 1000 799 Dominus
1038 757 1083 797 in

254 815 413 864 Deum,
442 820 486 856 et
510 815 622 867 lapis
645 814 728 856 iste
752 813 983 856 vocabitur
1007 813 1082 855 do-

255 884 352 912 mus
371 871 466 912 Dei.

524 950 720 989 Psalmus
742 950 806 988 45.

252 1006 419 1110 Deus
438 1014 587 1051 noster
609 1008 843 1059 refugium,
870 1014 912 1050 et
931 1009 1083 1051 virtus:

360 1067 383 1092 *
420 1065 593 1117 adjutor
634 1065 678 1105 in
718 1065 1083 1117 tribulatiOnibus,

256 1136 354 1175 quae
373 1123 631 1164 invenerunt
649 1134 731 1162 nos
750 1122 890 1162 nimis.

307 1180 548 1231 Propterea
579 1191 668 1218 non
699 1177 947 1219 timebimus
980 1178 1085 1219 dum

259 1235 502 1277 turbabitur
535 1239 667 1275 terra:
694 1235 718 1260 *
746 1238 790 1275 et
823 1234 1084 1276 transferen-

255 1297 325 1334 tur
343 1296 516 1332 montes
534 1291 577 1331 in
597 1303 674 1332 cor
691 1290 834 1331 maris.

308 1348 565 1396 Sonuerunt,
581 1351 625 1388 et
638 1346 826 1388 turbatae
843 1351 944 1387 sunt
958 1359 1084 1399 aquae

256 1406 423 1446 eorum:
452 1404 475 1429 *
503 1402 753 1444 conturbati
785 1407 885 1444 sunt
912 1408 1084 1444 montes

256 1461 299 1501 in
319 1458 574 1501 fortitudine
594 1459 696 1510 ejus.

307 1516 517 1557 Fluminis
545 1517 735 1567 impetus
762 1515 957 1557 laetfficat
985 1515 1084 1557 civi-

255 1574 391 1614 tatem
410 1572 508 1613 Dei:
527 1573 551 1599 *
571 1571 860 1613 sanctificavit
885 1571 1084 1614 taberna-

257 1629 402 1670 culum
422 1641 547 1669 suum
566 1627 829 1669 Altissimus.

308 1686 430 1726 Deus
449 1684 493 1724 in
506 1683 653 1725 medio
669 1685 770 1736 ejus,
788 1697 877 1726 non
891 1697 1084 1726 commo-

258 1741 446 1782 vebitur:
460 1742 483 1767 *
499 1739 721 1792 adjuvabit
741 1754 837 1782 eam
855 1741 978 1782 Deus
997 1754 1084 1782 ma-

257 1810 312 1839 ne
331 1796 535 1838 diluculo.

309 1852 593 1895 Conturbatae
622 1858 723 1895 sunt
751 1853 928 1903 Gentes,
957 1856 1001 1894 et
1025 1853 1085 1892 in-

258 1910 417 1951 clinata
445 1913 545 1950 sunt
572 1921 720 1960 regna:
739 1910 763 1937 *
782 1908 904 1951 dedit
930 1921 1087 1950 vocem

258 1979 392 2015 suam,
410 1970 531 2007 mota
550 1970 617 2006 est
635 1970 762 2006 terra.

309 2022 524 2063 Dominus
552 2021 762 2062 virtutum
789 2020 1035 2062 nobiscum:
1062 2023 1086 2048 *

258 2080 490 2130 susceptor
512 2082 663 2119 noster
684 2077 805 2119 Deus
828 2076 976 2118 Jacob.

307 2135 482 2183 Venite,
511 2138 555 2175 et
578 2133 723 2175 videte
743 2135 880 2186 opera
899 2133 1086 2183 Demini,

258 2203 356 2242 quae
374 2189 524 2243 posuit
542 2189 744 2242 prodIgia
763 2202 895 2242 super
910 2194 1086 2231 terram:

257 2248 280 2273 ¹⁸¹
309 2246 509 2288 auferens
544 2245 659 2287 bella
692 2259 832 2297 usque
865 2245 922 2287 ad
955 2246 1086 2288 finem

257 2307 396 2343 terrae.

308 2358 472 2399 Arcum
508 2359 723 2408 centeret,
763 2363 807 2400 et
844 2359 1087 2410 confringet

258 2425 392 2454 arma:
410 2416 434 2441 *
454 2418 497 2455 et
516 2419 639 2456 scuta
659 2414 890 2456 comburet
908 2415 1008 2466 igni.

310 2469 494 2519 Vacate,
523 2474 566 2511 et
594 2470 740 2512 videte
770 2471 975 2523 quoniam
1004 2484 1085 2523 ego

260 2537 355 2565 sum
368 2525 502 2566 Deus:
515 2527 539 2553 *
555 2526 783 2568 exaltabor
802 2527 845 2568 in
861 2527 1085 2576 Gentibus,

259 2584 303 2620 et
323 2580 550 2622 exaltabor
568 2583 611 2622 in
631 2587 758 2624 terra.

310 2635 523 2678 Deminus
550 2638 761 2680 virtutum
788 2639 1034 2681 nobiscum:
1061 2643 1085 2669 *

261 2693 492 2744 susceptor
510 2699 659 2735 noster
677 2695 797 2737 Deus
816 2695 964 2738 Jacob.

828 185 869 218 In
896 184 1148 218 Dedicationc
1175 182 1369 216 Ecclesiae.

1135 345 1224 382 um,

1135 389 1231 431 Dei.

1187 281 1285 320 Ant.
1316 276 1412 318 Erit
1437 275 1544 318 mihi
1569 275 1786 316 Deminus
1812 275 1858 316 in
1881 275 1966 317 De-

1249 337 1293 374 et
1315 332 1428 386 lapis
1450 332 1533 374 iste
1553 331 1784 374 vocAbitur
1809 331 1966 374 domus

1188 448 1286 488 Ant.
1316 445 1574 488 AEdificavit
1591 445 1615 471 *
1632 445 1810 497 Moyses
1829 444 1968 487 altare

1135 502 1326 544 Domino
1346 503 1455 544 Deo.

1135 612 1238 718 M

1412 559 1608 600 Psalmus
1628 561 1692 600 47.

1241 626 1378 665 agnus
1401 612 1635 663 Deminus,
1664 617 1709 654 et
1736 612 1969 655 laudabilis

1257 670 1385 711 nimis
1405 670 1429 695 *
1448 669 1493 709 in
1513 669 1690 710 civitate
1707 669 1794 711 Dei
1816 669 1969 719 nostri,

1136 728 1181 767 in
1200 731 1350 767 monte
1369 730 1522 767 sancto
1543 726 1645 777 ejus.

1188 782 1417 824 Fundatur
1442 781 1734 824 exsultatic'me
1753 782 1969 824 universae

1136 843 1268 881 terrae
1293 851 1419 880 mons
1443 838 1564 889 Sion,
1583 839 1607 864 *
1626 838 1764 880 latera
1786 838 1969 891 Aquilo-

1136 895 1213 940 nis,
1233 895 1386 936 civitas
1404 894 1540 945 Regis
1557 895 1714 947 magni.

1188 951 1311 992 Deus
1334 951 1379 991 in
1399 950 1603 992 domibus
1624 951 1714 1003 ejus
1734 952 1970 1002 cognosce-

1137 1013 1220 1057 tur,

1242 1008 1266 1033 *
1287 1020 1387 1048 cum
1406 1007 1616 1059 suscipiet
1636 1020 1744 1049 eam.

1191 1064 1410 1114 Quoniam
1434 1076 1538 1105 ecce
1562 1076 1689 1115 reges
1713 1068 1844 1106 terrae
1869 1077 1970 1106 con—

1137 1121 1306 1172 gregati
1351 1124 1469 1161 sunt:
1513 1120 1537 1146 *
1583 1122 1883 1162 convenerunt
1926 1120 1971 1161 in

1137 1190 1283 1218 unum.

1189 1233 1282 1286 Ipsi
1311 1232 1512 1274 videntes
1540 1233 1604 1274 sic
1631 1232 1835 1275 admirati
1858 1237 1970 1283 sunt,

1138 1289 1390 1331 conturbati
1417 1293 1535 1339 sunt,
1569 1290 1780 1331 commeti
1807 1293 1922 1331 sunt:
1946 1289 1971 1316 *

1137 1351 1303 1388 tremor
1323 1345 1615 1398 apprehendit
1635 1358 1724 1387 eos.

1190 1401 1259 1443 Ibi
1287 1401 1465 1443 dolores
1492 1406 1541 1443 ut
1565 1402 1866 1454 parturientis,
1884 1402 1909 1428 ¹0¹
1926 1401 1971 1443 in

1138 1459 1294 1511 spiritu
1321 1458 1570 1500 vehementi
1602 1460 1806 1500 centeres
1835 1470 1971 1500 naves

1139 1514 1334 1556 Tharsis.

1190 1571 1313 1613 Sicut
1335 1571 1600 1621 audivimuS,
1628 1572 1693 1613 sic
1714 1570 1904 1613 vidimus
1927 1570 1972 1611 in

1138 1628 1318 1669 civitate
1342 1628 1522 1669 Demini
1545 1628 1773 1678 virtutum,
1801 1627 1847 1668 in
1871 1626 1971 1668 civi-

1138 1686 1230 1725 tete

1140 1753 1237 1782 eam

1261 1684 1346 1725 Dei
1378 1685 1533 1726 nostri:
1564 1684 1588 1711 *
1620 1685 1743 1726 Deus
1772 1682 1973 1726 fundavit

1255 1740 1299 1781 in
1319 1742 1543 1782 aeternum.

1190 1797 1472 1849 Suscepimus
1486 1797 1609 1839 Deus
1625 1795 1972 1839 misericordiam

1140 1858 1271 1903 tuam,
1290 1853 1314 1879 *
1333 1853 1377 1894 in
1395 1852 1544 1895 medio
1563 1853 1718 1906 templi
1736 1853 1810 1895 tui.

1191 1910 1443 1952 Secundum
1478 1923 1639 1952 nomen
1674 1914 1799 1952 tuum
1833 1910 1971 1960 Deus,

1140 1967 1203 2008 sic
1227 1971 1271 2008 et
1297 1966 1393 2008 laus
1416 1971 1492 2008 tua
1511 1967 1555 2008 in
1578 1967 1688 2010 fines
1707 1972 1853 2009 terrae:
1869 1966 1894 1993 *
1913 1967 1971 2019 ju-

1139 2023 1258 2064 stitia
1275 2022 1406 2076 plena
1426 2028 1493 2065 est
1512 2023 1695 2066 dextera
1713 2028 1798 2065 tua.

1190 2079 1387 2120 Laetetur
1405 2092 1533 2121 mons
1551 2080 1666 2131 Sion,
1689 2078 1733 2122 et
1752 2079 1972 2122 exsultent

1139 2135 1241 2176 fssiae

1273 2135 1411 2186 Judae,
1439 2136 1462 2162 *
1490 2141 1674 2189 propter
1705 2135 1865 2188 judicia
1895 2140 1972 2177 tua

1138 2192 1338 2233 Demine.

1194 2247 1474 2290 Circumdate
1497 2248 1620 2298 Sion,
1648 2252 1693 2290 et
1719 2248 1971 2302 complecti-

1138 2304 1243 2345 mini
1279 2317 1391 2346 eam:
1423 2305 1447 2330 ¹⁸¹
1484 2307 1659 2346 narrate
1695 2304 1740 2345 in
1776 2304 1970 2348 turribus

1139 2361 1241 2413 ejus.

1190 2416 1347 2458 Ponite
1379 2416 1515 2458 corda
1547 2421 1695 2459 vestra
1732 2418 1776 2458 in
1808 2417 1970 2459 virtute

1139 2473 1245 2525 ejus:
1267 2473 1291 2498 *
1318 2477 1363 2514 et
1395 2472 1644 2515 distribuite
1678 2473 1836 2515 domos
1868 2474 1970 2526 ejuS,

1137 2533 1186 2570 ut
1205 2528 1415 2570 enarretis
1434 2529 1477 2569 in
1495 2530 1707 2581 progenie
1727 2530 1875 2572 altera.

1191 2585 1406 2636 Quoniam
1425 2584 1497 2626 hic
1515 2590 1583 2627 est
1601 2586 1735 2636 Deus,
1753 2586 1876 2627 Deus
1894 2598 1969 2628 no-

1138 2646 1229 2683 ster

1260 2641 1304 2682 in
1336 2642 1568 2691 aeternum,
1608 2647 1652 2683 et
1683 2642 1727 2682 in
1759 2642 1970 2684 saeculum

1138 2697 1304 2739 saeculis
1322 2697 1347 2725 *
1365 2698 1460 2750 ipse
1484 2702 1608 2748 reget
1628 2710 1710 2739 nos
1734 2698 1777 2739 in
1796 2698 1970 2740 saecula.
