2028 2892
566 173 667 207 Infra
691 173 982 208 Hebdomadam
1011 174 1046 207 ii.
1072 174 1394 216 Ouadragcsimae.

133 265 273 313 micis,
299 277 396 318 quae
415 264 632 307 cadebant
651 265 707 308 de
725 279 875 307 mensa
895 266 954 308 di-

133 321 244 371 vitis„
263 325 307 363 et
325 333 454 363 nemo
474 321 536 362 illi
556 322 703 364 dabat:
723 323 824 374 quia
844 323 955 364 Gen-

133 377 276 419 tilium
312 390 530 430 quemque
571 378 628 420 ad
664 380 957 430 cognitionem

133 433 242 486 legis
274 433 506 476 admittere
539 435 753 488 superbus
780 436 852 477 1116
880 438 956 488 po-

133 490 262 543 pulus
281 490 563 543 despiciebat.

182 556 233 608 Rg.
261 551 377 594 Ecce
396 552 518 594 odor.
535 553 624 594 149.

430 637 580 679 Lectio
600 638 655 677 iii.

217 705 262 746 ui
281 705 386 746 dum
405 706 650 749 doctrinam
668 706 776 757 legis
795 718 884 747 non
902 705 959 747 ad

231 762 458 805 caritatem
486 762 655 813 habuit,
684 762 763 804 sed
790 762 848 804 ad
875 762 958 804 ela-

134 818 316 868 tionem,
344 820 470 871 quasi
498 819 553 861 de
578 819 772 872 acceptis
799 819 956 872 opibus

135 875 307 916 tumuit:
325 880 369 917 et
388 877 489 929 quia
506 876 545 918 ei
559 875 694 918 verba
709 875 959 918 defluebant

135 930 191 972 de
216 931 412 983 scientia,
440 933 564 985 quasi
593 933 718 974 micae
743 932 959 974 cadebant

136 986 191 1029 de
208 1000 368 1030 mensa.
392 989 453 1031 At
471 994 639 1039 contra,
657 989 837 1041 jacentis
855 992 959 1041 pau-

134 1044 252 1096 peris
261 1044 442 1087 vulnera
452 1045 674 1098 lingebant
684 1058 825 1087 canes.
843 1046 959 1087 Non-

135 1104 373 1154 numquam
395 1102 538 1144 solent
563 1103 607 1153 in
627 1115 751 1144 sacro
773 1102 960 1154 eloquio,
1023 1127 1038 1129 a

135 1170 215 1210 per
251 1171 382 1200 canes
418 1158 735 1212 praedicatores
770 1158 961 1210 intelligi.

138 1213 303 1256 Canum
323 1216 483 1257 etenim
501 1216 662 1267 lingua,
681 1215 836 1257 vulnus
857 1214 962 1256 dum

136 1269 275 1322 lingit,
295 1278 434 1314 curat:
455 1272 557 1326 quia
577 1278 621 1314 et
641 1272 847 1314 doctores
867 1284 960 1312 san-

138 1326 208 1378 cti,
226 1327 331 1369 dum
348 1329 392 1370 in
412 1329 687 1371 confessione
701 1328 874 1382 peccati
887 1341 961 1369 no-

138 1383 217 1424 stri
250 1397 332 1426 nos
367 1387 602 1436 instruunt,
646 1386 770 1438 quasi
805 1384 961 1426 vulnus

136 1440 294 1482 mentis
313 1454 393 1494 per
408 1442 601 1494 linguam
617 1446 811 1494 tangunt.

184 1503 236 1556 Rz.
266 1501 355 1543 Det
372 1501 454 1544 tibi
471 1503 603 1544 Deus.
622 1503 710 1544 149.

187 1567 259 1609 Ad
278 1567 441 1610 Bened.
467 1570 568 1610 Ant.
603 1567 702 1616 Fili,
727 1566 961 1608 recordare

138 1621 162 1647 *
187 1622 288 1675 quia
314 1623 521 1677 recepisti
546 1623 663 1666 bona
690 1624 734 1664 in
761 1623 850 1665 vita
877 1627 962 1673 tua,

139 1682 183 1720 et
201 1678 395 1721 Lazarus
417 1679 615 1722 simfliter
631 1680 756 1722 mala.

466 1754 631 1795 Oratio.

135 1815 353 1923 Praesta
373 1818 517 1869 nobis,
546 1821 796 1872 quaesumus
813 1819 961 1860 Domi-

233 1889 303 1926 ne,
323 1876 531 1918 auxilium
549 1875 702 1926 gratiae
722 1880 824 1918 tuae:
844 1880 893 1916 ut
907 1876 962 1927 je-

139 1932 266 1984 juniis
289 1937 333 1975 et
358 1931 629 1974 orationibus
654 1932 962 1973 convenienter

138 1989 304 2039 intenti,
322 1989 556 2031 liberemur
571 1987 626 2030 ab
641 1988 841 2030 hostibus
854 2000 964 2029 men-

139 2045 195 2086 tis
216 2050 259 2087 et
279 2046 489 2098 corporis.
516 2046 600 2087 Per
618 2045 865 2086 Dominum.

190 2111 262 2152 Ad
277 2111 449 2161 Magnis.
470 2111 569 2151 Ant.
588 2110 725 2151 Dives
738 2109 811 2150 ille
828 2109 852 2134 *
870 2113 962 2160 gut-

138 2171 229 2209 tam
252 2179 379 2218 aquae
398 2167 542 2219 petiit,
575 2167 649 2218 qui
677 2166 811 2207 micas
838 2165 962 2217 panis

138 2222 308 2264 Lazaro
326 2223 513 2273 negavit.

473 2292 636 2332 Oratio.

218 2356 345 2399 desto
374 2357 560 2398 Domine
587 2356 760 2398 famulis
786 2355 891 2402 tuis,
920 2359 963 2396 et

243 2416 501 2466 perpetuam
536 2412 848 2464 benignitatem
882 2411 962 2451 lar-

141 2472 233 2521 gire
250 2469 551 2522 poscentibus:
575 2474 623 2510 ut
642 2470 710 2519 iis,
738 2469 810 2521 qui
828 2473 873 2509 te
892 2480 962 2508 au-

142 2528 265 2568 ctore
285 2531 329 2568 et
343 2526 636 2578 gubernatore
650 2526 899 2576 gloriantur,
919 2528 962 2564 et

142 2585 406 2634 congregata
421 2585 649 2631 restaures,
665 2586 708 2623 et
722 2581 962 2622 restaurata

142 2641 387 2680 conserves.
413 2639 498 2680 Per
517 2638 762 2679 Dominum.

296 2832 360 2857 Pars
375 2833 467 2858 vernn.

1764 172 1826 208 157

1210 268 1243 303 F
1262 279 1284 304 e
1301 268 1348 304 ri
1369 279 1393 305 a
1432 269 1460 306 S
1477 280 1500 306 e
1516 282 1543 306 x
1557 274 1574 305 t
1590 281 1626 306 a.

1008 323 1158 365 Lectio
1183 325 1320 366 sancti
1341 325 1563 377 Evangelii
1587 326 1826 368 secundum

1288 381 1552 423 Matthaeum.

1112 442 1261 483 Lectio
1283 442 1305 481 i.
1492 442 1591 492 Cap.
1612 443 1666 480 21.
1688 442 1725 481 d.

1056 509 1085 536 n
1109 496 1184 537 illo
1210 499 1420 550 tempore:
1445 498 1566 540 Dixit
1590 499 1613 539 J
1617 512 1715 540 esus
1739 504 1826 540 tur-

1082 551 1149 593 bis
1180 553 1448 603 Judaeorum‚
1486 560 1529 596 et
1560 555 1826 607 principibus

1011 608 1287 651 sacerdotum
1310 611 1565 663 parabolam
1588 611 1712 653 hanc:
1738 612 1826 652 Ho-

1010 678 1083 706 mo
1103 671 1195 707 erat
1213 667 1540 719 paterfamilias,
1568 668 1641 719 qui
1664 667 1826 720 planta-

1010 721 1072 763 vit
1090 724 1279 773 vineam,
1307 729 1350 765 et
1375 737 1524 776 sepem
1544 723 1827 765 circumdedit

1011 778 1060 819 ei.
1087 778 1144 820 Et
1162 779 1339 832 reliqua.

1120 849 1310 890 Homilia
1338 850 1477 891 sancti
1500 849 1723 891 Ambrosii

1312 907 1530 959 Episcopi.

1156 970 1236 1003 Lib.
1261 970 1292 1003 9.
1318 969 1356 1002 in
1381 979 1463 1011 cap.
1484 969 1543 1003 20.
1568 968 1691 1002 Luca:

1088 1028 1260 1080 lerique
1305 1028 1448 1068 varias
1492 1026 1827 1077 significationes

1042 1093 1088 1125 ’ἓν
1113 1084 1167 1126 de
1204 1087 1342 1126 vineae
1390 1083 1680 1136 appellatione
1719 1081 1828 1123 deri-

1011 1146 1129 1182 vant:
1155 1140 1233 1182 sed
1256 1140 1478 1182 evidenter
1501 1140 1637 1180 Isaias
1660 1140 1829 1179 vineam

1012 1198 1190 1239 Domini
1225 1196 1434 1246 Sabaoth,
1479 1195 1655 1237 domum
1695 1193 1829 1234 Israel

1014 1267 1110 1296 esse
1156 1254 1425 1295 memoravit.
1486 1253 1610 1293 Hanc
1660 1253 1830 1291 vineam

1014 1311 1109 1363 quis
1126 1311 1245 1359 alius,
1265 1310 1346 1350 nisi
1360 1310 1490 1359 Deus,
1511 1305 1725 1349 condidit?
1746 1306 1829 1347 Hic

1014 1373 1080 1409 est
1108 1380 1211 1419 ergo
1242 1367 1315 1419 qui
1344 1379 1440 1407 eam
1465 1365 1626 1406 locavit
1653 1363 1828 1411 coloniS,

1014 1429 1057 1465 et
1083 1425 1178 1476 ipse
1201 1426 1384 1476 peregre
1410 1422 1504 1462 fuit:
1538 1433 1624 1461 non
1650 1420 1750 1471 quia
1776 1431 1829 1459 ex

1012 1481 1111 1522 loco
1131 1480 1187 1522 ad
1206 1480 1351 1521 locum
1365 1478 1587 1531 profectus
1603 1481 1669 1518 est
1683 1475 1828 1516 Domi-

1013 1550 1111 1587 nus,
1148 1537 1222 1588 qui
1249 1536 1409 1588 ubique
1437 1546 1608 1586 semper
1634 1544 1827 1585 praesens

1014 1598 1095 1635 est:
1122 1593 1201 1635 sed
1229 1593 1331 1645 quia
1360 1596 1426 1633 est
1452 1589 1711 1644 praesentior
1738 1587 1829 1628 dili-

1012 1649 1224 1700 gentibus,
1244 1647 1561 1700 negligentibus
1579 1645 1713 1687 abest.
1731 1642 1830 1684 Mul-

1014 1707 1070 1747 tis
1089 1705 1360 1758 temporibus
1381 1704 1533 1753 abfuit,
1560 1715 1614 1743 ne
1637 1701 1829 1754 praepro-

1013 1775 1120 1815 pera
1145 1762 1365 1804 videretur
1390 1760 1570 1802 exactio.
1604 1758 1718 1799 Nam
1743 1768 1827 1808 quo

1012 1819 1304 1870 indulgentior
1322 1816 1569 1864 liberalitas,
1586 1827 1638 1856 eo
1658 1813 1827 1854 inexcu-

1014 1875 1192 1917 sabilior
1210 1873 1468 1927 pervicacia.

1065 1938 1116 1989 R.
1141 1936 1256 1977 Dum
1276 1937 1423 1976 exiret.
1446 1934 1533 1974 149.

1320 2002 1472 2042 Lectio
1492 2001 1532 2040 ii.

1102 2069 1188 2111 nde
1203 2069 1314 2111 bene
1330 2067 1567 2110 secundum
1576 2064 1826 2106 Matthaeum

1116 2126 1266 2175 habes,
1292 2125 1392 2177 quia
1417 2129 1459 2165 et
1483 2135 1630 2175 sepem
1649 2120 1825 2161 circum-

1014 2182 1153 2225 dedit:
1192 2182 1276 2223 hoc
1313 2185 1397 2230 est,
1429 2179 1584 2221 divinae
1616 2174 1826 2217 custodiae

1013 2239 1252 2280 munitione
1271 2236 1464 2285 vallavit,
1489 2246 1542 2275 ne
1560 2231 1684 2273 facile
1703 2231 1826 2283 spiri-

1013 2295 1165 2336 talium
1195 2295 1365 2346 pateret
1398 2288 1638 2332 incursibus
1669 2287 1826 2328 bestia-

1013 2365 1118 2392 rum.
1145 2351 1202 2391 Et
1224 2349 1334 2390 fodit
1356 2349 1398 2388 in
1418 2359 1467 2388 ea
1485 2343 1686 2386 torcular.
1713 2344 1825 2393 Quo-

1012 2407 1144 2448 modo
1172 2404 1447 2454 intelligimus
1475 2399 1579 2452 quid
1605 2400 1661 2441 sit
1685 2401 1825 2440 torcu-

1013 2463 1093 2512 lar,
1116 2463 1199 2503 nisi
1216 2462 1328 2502 forte
1348 2459 1448 2510 quia
1466 2455 1626 2497 Psalmi
1642 2468 1724 2508 pro
1741 2460 1825 2496 tor-

1014 2518 1230 2565 cularibus
1249 2515 1554 2562 inscribuntur3
1574 2525 1626 2553 eo
1648 2510 1766 2564 quod
1782 2511 1825 2551 in

1013 2575 1080 2615 his
1103 2572 1310 2626 mysteria
1332 2569 1573 2611 Dominicae
1600 2567 1824 2620 passionis,

1012 2630 1145 2672 modo
1173 2627 1303 2670 musti
1329 2630 1480 2667 sancto
1510 2624 1713 2666 ferventis
1734 2623 1825 2674 Spi-

1013 2687 1114 2735 ritu,
1163 2682 1474 2725 redundantius
1524 2676 1823 2721 aestuaverint?

1562 2809 1625 2842 11·
