2028 2892
577 170 678 204 Infra
705 171 997 208 Hebdomadam
1022 177 1042 209 ι’.
1068 181 1157 219 post
1182 178 1260 213 Oct.
1286 180 1453 215 Paschae.

157 260 211 301 rii
236 261 379 314 hujus,
410 267 455 304 et
486 266 777 317 apostolatus,
810 267 865 310 de
898 282 985 322 quo

156 318 473 368 praevaricatus
502 325 569 362 est
594 321 746 373 Judas,
773 329 822 365 ut
847 325 986 367 abiret

155 372 200 412 in
218 372 366 415 locum
380 387 518 416 suum.
539 377 597 418 Et
611 377 827 421 dederunt
842 386 984 422 sortes

157 428 236 478 eiS,
256 433 301 470 et
318 430 478 472 cecidit
496 444 593 473 sors
614 446 747 486 super
764 435 984 485 Mathiam,

156 488 201 525 et
226 489 537 529 annumeratus
563 493 631 530 est
656 502 755 531 cum
779 491 983 533 undecim

153 538 396 592 Apestolis.

205 591 289 634 Hob
314 600 445 644 Temp.
470 602 605 637 Pasch.
632 614 706 637 non
734 605 804 639 dic.
831 607 981 640 tertium

154 645 197 689 R.
238 647 274 680 in
317 648 441 683 feriali
467 650 589 687 Offic..
630 652 697 685 sed
738 652 874 695 Hymn.
928 654 981 688 'l‘e

151 694 278 730 Deum
299 695 515 732 laudamus.

409 768 488 809 Ad
513 769 721 811 Laudes.

203 827 291 861 Ant.
325 838 396 871 pro
430 828 562 871 Temp.
596 830 732 863 Pasch.
771 836 807 865 et
838 831 898 865 1³2.
934 832 979 865 de

150 873 302 909 Domin.
327 875 378 910 15.

205 927 465 978 Capitulum.
505 928 708 970 Christus
736 933 978 992 resurgens,

149 982 361 1033 Hymnus.
396 984 569 1025 Aurora
592 985 754 1026 coelum
782 990 825 1025 et
851 986 900 1032 Y.
926 987 977 1026 In

148 1038 478 1081 resurrectiene.
497 1041 557 1081 19.

201 1095 272 1136 Ad
299 1096 460 1138 Bened.
499 1099 598 1140 Ant.
635 1101 826 1152 Surgens
848 1101 976 1142 Jesus

147 1152 172 1178 *
203 1165 331 1195 mane
366 1155 510 1206 prima
546 1155 734 1206 sabbati,
772 1157 977 1209 apparuit

147 1209 292 1260 primo
315 1209 467 1251 Mariae
491 1211 781 1263 Magdalenae‚
810 1212 865 1253 de
891 1225 977 1264 qua

147 1265 335 1316 ejecerat
352 1271 524 1319 septem
543 1266 772 1317 daem6nia,
794 1268 976 1320 alleluja.

199 1324 333 1359 Oratio
358 1326 466 1360 Dom.
492 1327 656 1369 praeced.

198 1380 339 1416 Postea
364 1383 405 1416 fit
430 1384 744 1418 commemoratio
770 1385 816 1418 de
839 1385 974 1419 Cruce:

147 1438 234 1472 quae
250 1431 566 1464 commemoratio
584 1431 759 1474 quotidie
773 1432 813 1465 fit
827 1432 865 1465 in
879 1432 975 1466 Lau-

146 1475 261 1510 dibus
284 1480 320 1510 et
343 1477 527 1519 Vesperis
550 1488 672 1521 usque
698 1479 747 1512 ad
768 1480 975 1513 Ascensio-

146 1533 242 1562 nem,
260 1527 337 1557 tam
356 1524 394 1557 in
412 1524 550 1559 Officio
571 1525 618 1559 de
635 1525 837 1569 Tempore,
860 1537 974 1569 quarn

146 1570 193 1604 de
217 1571 386 1612 Sanctis,
415 1572 491 1606 nisi
517 1573 567 1607 sit
590 1573 760 1616 Duplex,
788 1578 852 1607 aut
876 1574 975 1608 infra

145 1617 324 1652 Octavas.
349 1619 451 1653 Aliae
470 1621 855 1655 commemorationes
874 1621 920 1655 cle
939 1622 973 1655 S.

143 1665 282 1707 Maria,
310 1666 357 1700 de
383 1667 418 1700 S.
443 1667 609 1711 Joseph,
636 1668 683 1702 de
708 1668 913 1711 Apostolis
939 1675 975 1703 et

145 1712 192 1746 de
223 1713 341 1755 Pace,
378 1725 454 1749 non
482 1716 662 1750 dicuntur
686 1715 878 1759 Tempore
907 1717 974 1750 Pa-

146 1759 279 1795 schali.

198 1821 246 1861 In
270 1821 404 1864 Laud.
440 1824 538 1865 Ant.
567 1825 622 1866 de
648 1826 796 1867 Cruce.
825 1824 971 1865 Cruci-

142 1875 256 1917 fixus
273 1876 462 1918 surrexit
476 1890 502 1918 a
515 1877 710 1927 mortuis,
728 1883 772 1919 et
785 1878 971 1920 redemit

141 1943 235 1981 nos,
255 1931 436 1983 alleluja,
455 1931 638 1984 alleluja.

195 1992 245 2039 V.
270 1992 416 2033 Dicite
436 1992 481 2033 in
498 1992 763 2041 nationibuS‚
789 1993 969 2045 alleluja.

142 2049 194 2099 R.
215 2047 328 2096 Quia
345 2047 561 2089 Deminus
580 2048 778 2099 regnavit
796 2061 822 2089 a
839 2049 968 2099 ligno,

141 2101 324 2154 alleluja.

481 2158 646 2198 Oratio.

141 2210 322 2314 Deus,
352 2214 428 2265 qui
454 2227 537 2267 pro
565 2214 693 2256 nobis
719 2214 877 2255 Filium
903 2219 967 2256 tu-

246 2282 321 2310 um
363 2270 504 2311 crucis
539 2269 786 2322 patibulum
821 2270 967 2311 subire

140 2324 328 2375 voluisti,
347 2330 395 2366 ut
413 2325 576 2367 inimici
593 2338 618 2366 a
635 2325 764 2367 nobis
781 2325 967 2378 expelle-

141 2392 212 2421 res
229 2382 514 2432 potestatem:
540 2381 733 2422 concede
756 2381 884 2422 nobis
907 2381 966 2421 fa-

141 2435 269 2477 mulis
292 2437 394 2486 tuis3
430 2442 478 2478 ut
510 2437 842 2478 resurrectionis
873 2438 966 2487 gra-

141 2491 247 2532 tiam
274 2495 605 2545 consequamur.
647 2493 731 2534 Per
764 2492 967 2533 eumdem

140 2546 379 2589 Deminum
398 2553 607 2590 nostrum.

194 2605 264 2646 Ad
284 2607 417 2659 Vesp.
441 2607 540 2647 Ant.
562 2609 751 2649 Crucem
770 2611 965 2647 sanctam

142 2661 277 2703 subiit
301 2664 376 2715 qui
398 2663 614 2704 infernum
641 2662 870 2713 confregit,
898 2674 965 2702 ac·

1040 272 1209 312 cinctus
1237 277 1304 314 est
1330 276 1542 326 potentia,
1575 280 1763 321 surrexit
1790 279 1861 322 die

1037 326 1176 376 tertia,
1194 327 1375 380 alleluja.

1093 380 1138 424 V.
1163 390 1200 419 ct
1225 386 1368 425 Oratio.
1394 394 1431 422 ut
1457 400 1583 432 supra.

1092 432 1135 465 In
1152 432 1278 466 feriali
1297 434 1443 471 Officio.
1464 436 1591 470 Prima
1610 438 1748 471 dicitur
1765 439 1862 472 sicut

1040 478 1077 511 in
1110 479 1219 513 festis
1254 480 1519 523 Simplicibus,
1562 488 1641 518 toto
1673 485 1861 528 Tempore

1038 525 1228 560 Paschali.

1091 573 1233 607 Psalmi
1254 575 1443 609 Horarum
1467 577 1643 611 (licuntur
1666 589 1746 612 cum
1771 591 1860 621 qua-

1038 624 1124 653 tuor
1144 622 1317 666 Alleluia.

1091 669 1151 701 Ad
1175 670 1272 703 alias
1295 671 1421 704 Horas
1448 672 1547 706 Ant..
1577 673 1698 714 Cupit.
1724 678 1758 705 ct
1780 674 1859 715 RK.

1038 716 1091 749 br.
1115 721 1155 749 ut
1177 717 1212 749 in
1237 717 1368 754 l’salt..
1395 723 1557 760 excepto
1584 719 1623 760 Ru
1643 720 1693 752 br.
1717 720 1764 753 ad
1782 720 1859 753 Pri-

1036 773 1147 801 mam,
1166 764 1268 806 quod
1290 765 1429 799 dicitur
1445 773 1485 799 ut
1503 766 1593 799 heri.

1264 844 1343 885 Ad
1365 845 1628 896 Vesperas.

1088 907 1148 941 Ps.
1172 908 1294 943 Feriae
1310 912 1381 944 sub
1399 922 1471 945 una
1492 913 1577 947 Ant.
1597 913 1768 956 Alleluia.

1090 962 1226 1013 Capit.
1248 963 1448 1006 Christus
1467 971 1711 1018 resurgens.
1730 971 1807 1010 112.

1086 1023 1243 1073 Hymn.
1279 1024 1348 1065 Ad
1371 1026 1512 1076 regias
1531 1028 1655 1078 Agni.
1699 1024 1746 1074 δ”.
1765 1030 1852 1070 Ma-

1029 1089 1084 1117 ne
1103 1077 1343 1120 nobiscum.
1363 1082 1448 1122 110.

1086 1134 1156 1174 Ad
1184 1135 1356 1183 Magnis.
1399 1139 1497 1178 Ant.
1542 1139 1626 1178 Pax
1657 1139 1797 1190 vobis,
1829 1142 1853 1167 *

1030 1199 1112 1238 ego
1132 1202 1238 1239 sum,
1258 1191 1442 1243 alleluja:
1460 1193 1594 1234 nolite
1613 1194 1777 1245 timere,
1796 1196 1853 1237 al-

1028 1242 1168 1295 lehija.

1088 1308 1257 1345 Invitat..
1299 1310 1422 1353 Cupit.
1456 1315 1491 1344 ct
1528 1311 1607 1353 RsRv.
1638 1311 1691 1344 br.
1725 1322 1856 1355 supru-

1032 1356 1193 1397 scripta,
1232 1356 1303 1389 dic.
1339 1358 1374 1390 in
1410 1359 1531 1391 feriali
1566 1358 1702 1392 officio
1736 1370 1855 1402 usque

1032 1402 1081 1434 ad
1104 1402 1263 1436 Ascens.

1222 1494 1405 1530 Feria
1433 1495 1662 1533 Tertia.

1125 1548 1192 1589 De
1218 1549 1404 1592 Actibus
1432 1551 1760 1603 Apostolorum.

1159 1608 1310 1648 Lectio
1334 1610 1356 1648 i.
1569 1611 1670 1661 Cap.
1690 1612 1725 1649 2.

1034 1667 1131 1707 ‘rt
1154 1677 1254 1705 cum
1278 1666 1602 1718 complerentur
1625 1667 1720 1709 dies
1744 1669 1850 1710 Pen-

1052 1726 1091 1757 με
1129 1722 1339 1770 tecesteS,
1364 1727 1486 1763 erant
1512 1735 1662 1764 omnes
1687 1724 1850 1775 pariter

1024 1775 1069 1815 in
1102 1775 1259 1817 eodem
1293 1776 1407 1818 loco:
1442 1782 1486 1819 et
1517 1778 1657 1819 factus
1689 1783 1755 1820 est
1787 1792 1849 1820 re-

1024 1833 1157 1883 pente
1188 1830 1243 1873 de
1281 1833 1395 1874 coelo
1433 1845 1585 1882 sonus,
1626 1838 1847 1886 tamquam

1024 1886 1296 1929 advenientis
1341 1889 1520 1940 spiritus
1564 1889 1847 1939 vehementis,

1025 1947 1070 1984 et
1087 1943 1274 1995 replevit
1289 1948 1428 1985 totam
1442 1944 1621 1985 domum
1636 1945 1711 1986 ubi
1726 1950 1847 1986 erant

1024 1998 1240 2040 sedentes.
1268 1999 1325 2040 Et
1343 2001 1640 2051 apparuerunt
1658 2000 1743 2040 illis
1762 2000 1844 2041 dis·
1871 2014 1874 2017 ·

1022 2057 1196 2106 pertitae
1219 2054 1379 2105 linguae
1403 2059 1625 2107 tamquam
1648 2055 1757 2105 ignis
1781 2067 1843 2095 se-

1023 2108 1174 2161 ditque
1206 2122 1340 2162 supra
1370 2111 1565 2161 singulos
1597 2112 1763 2151 eorum:
1800 2114 1843 2150 et

1022 2165 1179 2217 repleti
1202 2169 1303 2206 sunt
1325 2178 1475 2207 omnes
1493 2165 1657 2217 Spiritu
1679 2168 1843 2213 sancto,

1023 2225 1067 2260 et
1099 2223 1330 2273 coeperunt
1359 2221 1479 2273 loqui
1511 2220 1641 2261 variis
1674 2219 1842 2270 linguis,

1020 2280 1151 2327 prout
1179 2276 1363 2328 Spiritus
1391 2280 1566 2316 sanctus
1594 2274 1727 2315 dabat
1755 2274 1840 2315 elo-

1022 2331 1096 2382 qui
1122 2331 1218 2372 illis.
1259 2332 1395 2372 Erant
1426 2335 1571 2372 autem
1602 2330 1645 2370 in
1671 2330 1697 2370 J
1699 2333 1840 2371 enisa-

1019 2385 1107 2427 lem
1124 2386 1371 2427 habitantes
1385 2386 1409 2426 J
1410 2385 1536 2434 udaei‚
1555 2385 1635 2425 viri
1649 2385 1841 2435 religi6si

1021 2454 1076 2482 ex
1108 2442 1227 2482 omni
1254 2442 1446 2490 natione,
1478 2453 1577 2492 quae
1612 2440 1693 2481 sub
1725 2440 1838 2481 coelo

1020 2501 1098 2538 est.
1123 2497 1259 2537 Facta
1277 2501 1421 2537 autem
1439 2495 1521 2536 hac
1539 2507 1663 2545 voce,
1684 2498 1838 2536 conve-

1019 2552 1083 2593 nit
1113 2551 1363 2596 multitudo.
1400 2555 1443 2591 et
1477 2556 1622 2592 mente
1658 2551 1838 2592 confusa

1019 2611 1102 2656 est,
1139 2607 1343 2658 queniam
1373 2604 1579 2646 audiebat
1610 2604 1837 2657 unusquis-

1019 2674 1104 2714 que
1145 2661 1292 2712 lingua
1331 2673 1410 2700 sua
1456 2660 1555 2702 illos
1598 2661 1837 2712 loquentes.
