<?xml version="1.0" encoding="UTF-8"?>
<!DOCTYPE html PUBLIC "-//W3C//DTD XHTML 1.0 Transitional//EN"
    "http://www.w3.org/TR/xhtml1/DTD/xhtml1-transitional.dtd">
<html xmlns="http://www.w3.org/1999/xhtml" xml:lang="en" lang="en">
 <head>
  <title>
</title>
<meta http-equiv="Content-Type" content="text/html;charset=utf-8" />
  <meta name='ocr-system' content='tesseract 3.04.00' />
  <meta name='ocr-capabilities' content='ocr_page ocr_carea ocr_par ocr_line ocrx_word'/>
</head>
<body>
  <div class='ocr_page' id='page_1' title='image "./p2breviariumroma00cathuoft_0261.png"; bbox 0 0 2028 2892; ppageno 0'>
   <div class='ocr_carea' id='block_1_1' title="bbox 99 105 1921 225">
    <p class='ocr_par' dir='ltr' id='par_1_1' title="bbox 99 105 1921 225">
     <span class='ocr_line' id='line_1_1' title="bbox 99 105 1921 152; baseline 0 2740"><span class='ocrx_word' id='word_1_1' title='bbox 99 105 1921 152; x_wconf 95' lang='lat' dir='ltr'> </span> 
     </span>
     <span class='ocr_line' id='line_1_2' title="bbox 99 152 765 225; baseline 0 2667"><span class='ocrx_word' id='word_1_2' title='bbox 99 152 765 225; x_wconf 95' lang='lat' dir='ltr'> </span> 
     </span>
    </p>
   </div>
   <div class='ocr_carea' id='block_1_2' title="bbox 765 170 1259 207">
    <p class='ocr_par' dir='ltr' id='par_1_2' title="bbox 765 170 1259 207">
     <span class='ocr_line' id='line_1_3' title="bbox 765 170 1259 207; baseline 0.01 -5"><span class='ocrx_word' id='word_1_3' title='bbox 765 170 870 203; x_wconf 74' lang='lat' dir='ltr'>Feria</span> <span class='ocrx_word' id='word_1_4' title='bbox 901 172 945 203; x_wconf 73' lang='lat' dir='ltr'>vi.</span> <span class='ocrx_word' id='word_1_5' title='bbox 974 173 1008 204; x_wconf 82' lang='lat' dir='ltr'>in</span> <span class='ocrx_word' id='word_1_6' title='bbox 1036 172 1259 207; x_wconf 64' lang='lat' dir='ltr'>Parasceve.</span> 
     </span>
    </p>
   </div>
   <div class='ocr_carea' id='block_1_3' title="bbox 98 152 1921 402">
    <p class='ocr_par' dir='ltr' id='par_1_3' title="bbox 98 152 1921 402">
     <span class='ocr_line' id='line_1_4' title="bbox 98 152 1921 337; baseline 0 -97"><span class='ocrx_word' id='word_1_7' title='bbox 98 225 1921 337; x_wconf 95' lang='lat' dir='ltr'>    </span> <span class='ocrx_word' id='word_1_8' title='bbox 1259 152 1921 225; x_wconf 95' lang='lat' dir='ltr'> </span> 
     </span>
     <span class='ocr_line' id='line_1_5' title="bbox 991 337 1018 402; baseline 0 2490"><span class='ocrx_word' id='word_1_9' title='bbox 991 337 1018 402; x_wconf 95' lang='lat' dir='ltr'> </span> 
     </span>
    </p>
   </div>
   <div class='ocr_carea' id='block_1_4' title="bbox 93 240 434 1573">
    <p class='ocr_par' dir='ltr' id='par_1_4' title="bbox 93 240 434 1573">
     <span class='ocr_line' id='line_1_6' title="bbox 97 240 434 465; baseline 0 -145"><span class='ocrx_word' id='word_1_10' title='bbox 97 240 434 465; x_wconf 95' lang='lat' dir='ltr'>    </span> 
     </span>
     <span class='ocr_line' id='line_1_7' title="bbox 96 494 113 672; baseline 0 -51"><span class='ocrx_word' id='word_1_11' title='bbox 96 494 113 672; x_wconf 95' lang='lat' dir='ltr'>    </span> 
     </span>
     <span class='ocr_line' id='line_1_8' title="bbox 95 672 113 848; baseline 0.833 -67"><span class='ocrx_word' id='word_1_12' title='bbox 95 672 113 848; x_wconf 95' lang='lat' dir='ltr'>        </span> 
     </span>
     <span class='ocr_line' id='line_1_9' title="bbox 95 848 112 1112; baseline 0 -44"><span class='ocrx_word' id='word_1_13' title='bbox 95 848 112 1112; x_wconf 95' lang='lat' dir='ltr'>      </span> 
     </span>
     <span class='ocr_line' id='line_1_10' title="bbox 94 1112 112 1292; baseline 0 -115"><span class='ocrx_word' id='word_1_14' title='bbox 94 1112 112 1292; x_wconf 95' lang='lat' dir='ltr'>   </span> 
     </span>
     <span class='ocr_line' id='line_1_11' title="bbox 93 1292 112 1517; baseline 0 -60"><span class='ocrx_word' id='word_1_15' title='bbox 93 1292 112 1517; x_wconf 95' lang='lat' dir='ltr'>    </span> 
     </span>
     <span class='ocr_line' id='line_1_12' title="bbox 93 1517 110 1573; baseline 0 1319"><span class='ocrx_word' id='word_1_16' title='bbox 93 1517 110 1573; x_wconf 95' lang='lat' dir='ltr'> </span> 
     </span>
    </p>
   </div>
   <div class='ocr_carea' id='block_1_5' title="bbox 991 240 1921 439">
    <p class='ocr_par' dir='ltr' id='par_1_5' title="bbox 991 240 1921 439">
     <span class='ocr_line' id='line_1_13' title="bbox 1862 240 1921 402; baseline 0 -82"><span class='ocrx_word' id='word_1_17' title='bbox 1862 240 1921 402; x_wconf 95' lang='lat' dir='ltr'>   </span> 
     </span>
     <span class='ocr_line' id='line_1_14' title="bbox 991 402 1018 439; baseline 0 2453"><span class='ocrx_word' id='word_1_18' title='bbox 991 402 1018 439; x_wconf 95' lang='lat' dir='ltr'> </span> 
     </span>
    </p>
   </div>
   <div class='ocr_carea' id='block_1_6' title="bbox 1025 264 1865 2719">
    <p class='ocr_par' dir='ltr' id='par_1_6' title="bbox 1038 264 1862 418">
     <span class='ocr_line' id='line_1_15' title="bbox 1091 264 1862 313; baseline 0.01 -10"><span class='ocrx_word' id='word_1_19' title='bbox 1091 264 1307 313; x_wconf 76' lang='lat' dir='ltr'>Queniam</span> <span class='ocrx_word' id='word_1_20' title='bbox 1360 267 1739 310; x_wconf 89' lang='lat' dir='ltr'>circumdederunt</span> <span class='ocrx_word' id='word_1_21' title='bbox 1794 282 1862 310; x_wconf 91' lang='lat' dir='ltr'>me</span> 
     </span>
     <span class='ocr_line' id='line_1_16' title="bbox 1039 321 1862 375; baseline 0.007 -15"><span class='ocrx_word' id='word_1_22' title='bbox 1039 332 1169 360; x_wconf 88' lang='lat' dir='ltr'>canes</span> <span class='ocrx_word' id='word_1_23' title='bbox 1183 321 1322 361; x_wconf 92' lang='lat' dir='ltr'>multi:</span> <span class='ocrx_word' id='word_1_24' title='bbox 1336 322 1359 347; x_wconf 87' lang='lat'>*</span> <span class='ocrx_word' id='word_1_25' title='bbox 1381 323 1612 364; x_wconf 85' lang='lat' dir='ltr'>concilium</span> <span class='ocrx_word' id='word_1_26' title='bbox 1626 325 1862 375; x_wconf 79' lang='lat' dir='ltr'>malignan-</span> 
     </span>
     <span class='ocr_line' id='line_1_17' title="bbox 1038 375 1440 418; baseline 0.007 -3"><span class='ocrx_word' id='word_1_27' title='bbox 1038 375 1147 415; x_wconf 85' lang='lat' dir='ltr'>tium</span> <span class='ocrx_word' id='word_1_28' title='bbox 1168 376 1342 418; x_wconf 88' lang='lat' dir='ltr'>obsedit</span> <span class='ocrx_word' id='word_1_29' title='bbox 1359 391 1440 418; x_wconf 86' lang='lat' dir='ltr'>me.</span> 
     </span>
    </p>

    <p class='ocr_par' dir='ltr' id='par_1_7' title="bbox 1037 431 1861 586">
     <span class='ocr_line' id='line_1_18' title="bbox 1090 431 1861 487; baseline 0.006 -16"><span class='ocrx_word' id='word_1_30' title='bbox 1090 431 1314 474; x_wconf 87' lang='lat' dir='ltr'>Foderunt</span> <span class='ocrx_word' id='word_1_31' title='bbox 1337 446 1490 474; x_wconf 90' lang='lat' dir='ltr'>manus</span> <span class='ocrx_word' id='word_1_32' title='bbox 1515 447 1635 475; x_wconf 91' lang='lat' dir='ltr'>meas</span> <span class='ocrx_word' id='word_1_33' title='bbox 1659 440 1701 475; x_wconf 88' lang='lat' dir='ltr'>et</span> <span class='ocrx_word' id='word_1_34' title='bbox 1724 435 1861 487; x_wconf 93' lang='lat' dir='ltr'>pedes</span> 
     </span>
     <span class='ocr_line' id='line_1_19' title="bbox 1037 488 1860 532; baseline 0.006 -5"><span class='ocrx_word' id='word_1_35' title='bbox 1037 500 1173 528; x_wconf 92' lang='lat' dir='ltr'>meos:</span> <span class='ocrx_word' id='word_1_36' title='bbox 1189 490 1213 514; x_wconf 82' lang='grc'>*</span> <span class='ocrx_word' id='word_1_37' title='bbox 1230 488 1611 532; x_wconf 89' lang='lat' dir='ltr'>dinumeraverunt</span> <span class='ocrx_word' id='word_1_38' title='bbox 1631 491 1774 532; x_wconf 79' lang='lat' dir='ltr'>emnia</span> <span class='ocrx_word' id='word_1_39' title='bbox 1794 503 1860 532; x_wconf 91' lang='lat' dir='ltr'>os-</span> 
     </span>
     <span class='ocr_line' id='line_1_20' title="bbox 1037 557 1212 586; baseline 0 -2"><span class='ocrx_word' id='word_1_40' title='bbox 1037 557 1086 584; x_wconf 93' lang='lat' dir='ltr'>sa</span> <span class='ocrx_word' id='word_1_41' title='bbox 1103 557 1212 586; x_wconf 90' lang='lat' dir='ltr'>mea.</span> 
     </span>
    </p>

    <p class='ocr_par' dir='ltr' id='par_1_8' title="bbox 1035 600 1860 810">
     <span class='ocr_line' id='line_1_21' title="bbox 1089 600 1860 652; baseline 0.005 -13"><span class='ocrx_word' id='word_1_42' title='bbox 1089 600 1181 652; x_wconf 92' lang='lat' dir='ltr'>Ipsi</span> <span class='ocrx_word' id='word_1_43' title='bbox 1199 613 1305 642; x_wconf 90' lang='lat' dir='ltr'>vero</span> <span class='ocrx_word' id='word_1_44' title='bbox 1331 601 1718 643; x_wconf 86' lang='lat' dir='ltr'>consideraverunt</span> <span class='ocrx_word' id='word_1_45' title='bbox 1737 608 1780 643; x_wconf 89' lang='lat' dir='ltr'>et</span> <span class='ocrx_word' id='word_1_46' title='bbox 1799 603 1860 643; x_wconf 93' lang='lat' dir='ltr'>in-</span> 
     </span>
     <span class='ocr_line' id='line_1_22' title="bbox 1037 657 1860 708; baseline 0.004 -12"><span class='ocrx_word' id='word_1_47' title='bbox 1037 658 1277 708; x_wconf 90' lang='lat' dir='ltr'>spexerunt</span> <span class='ocrx_word' id='word_1_48' title='bbox 1315 670 1401 698; x_wconf 92' lang='lat' dir='ltr'>me:</span> <span class='ocrx_word' id='word_1_49' title='bbox 1439 658 1461 683; x_wconf 89' lang='lat'>*</span> <span class='ocrx_word' id='word_1_50' title='bbox 1499 657 1738 699; x_wconf 90' lang='lat' dir='ltr'>diviserunt</span> <span class='ocrx_word' id='word_1_51' title='bbox 1778 659 1860 700; x_wconf 84' lang='lat' dir='ltr'>sibi</span> 
     </span>
     <span class='ocr_line' id='line_1_23' title="bbox 1035 713 1860 765; baseline 0.002 -12"><span class='ocrx_word' id='word_1_52' title='bbox 1035 713 1296 754; x_wconf 87' lang='lat' dir='ltr'>vestimenta</span> <span class='ocrx_word' id='word_1_53' title='bbox 1323 727 1435 763; x_wconf 90' lang='lat' dir='ltr'>mea,</span> <span class='ocrx_word' id='word_1_54' title='bbox 1465 718 1508 755; x_wconf 88' lang='lat' dir='ltr'>et</span> <span class='ocrx_word' id='word_1_55' title='bbox 1536 726 1667 765; x_wconf 91' lang='lat' dir='ltr'>super</span> <span class='ocrx_word' id='word_1_56' title='bbox 1694 719 1860 755; x_wconf 88' lang='lat' dir='ltr'>vestem</span> 
     </span>
     <span class='ocr_line' id='line_1_24' title="bbox 1035 770 1598 810; baseline 0.004 -2"><span class='ocrx_word' id='word_1_57' title='bbox 1035 781 1177 809; x_wconf 91' lang='lat' dir='ltr'>meam</span> <span class='ocrx_word' id='word_1_58' title='bbox 1196 770 1406 810; x_wconf 90' lang='lat' dir='ltr'>miserunt</span> <span class='ocrx_word' id='word_1_59' title='bbox 1425 774 1598 810; x_wconf 85' lang='lat' dir='ltr'><strong>sortem.</strong></span> 
     </span>
    </p>

    <p class='ocr_par' dir='ltr' id='par_1_9' title="bbox 1035 825 1860 990">
     <span class='ocr_line' id='line_1_25' title="bbox 1088 825 1860 877; baseline 0.001 -11"><span class='ocrx_word' id='word_1_60' title='bbox 1088 825 1157 866; x_wconf 93' lang='lat' dir='ltr'>Tu</span> <span class='ocrx_word' id='word_1_61' title='bbox 1181 830 1326 867; x_wconf 88' lang='lat' dir='ltr'>autem</span> <span class='ocrx_word' id='word_1_62' title='bbox 1344 826 1532 867; x_wconf 77' lang='lat' dir='ltr'>Demine</span> <span class='ocrx_word' id='word_1_63' title='bbox 1556 839 1609 867; x_wconf 92' lang='lat' dir='ltr'>ne</span> <span class='ocrx_word' id='word_1_64' title='bbox 1634 826 1860 877; x_wconf 78' lang='lat' dir='ltr'>elongave—</span> 
     </span>
     <span class='ocr_line' id='line_1_26' title="bbox 1036 881 1859 923; baseline 0.002 -2"><span class='ocrx_word' id='word_1_65' title='bbox 1036 882 1095 922; x_wconf 89' lang='lat' dir='ltr'>ris</span> <span class='ocrx_word' id='word_1_66' title='bbox 1121 881 1330 922; x_wconf 84' lang='lat' dir='ltr'>auxilium</span> <span class='ocrx_word' id='word_1_67' title='bbox 1353 887 1478 923; x_wconf 88' lang='lat' dir='ltr'>tuum</span> <span class='ocrx_word' id='word_1_68' title='bbox 1504 895 1530 922; x_wconf 93' lang='lat' dir='ltr'>a</span> <span class='ocrx_word' id='word_1_69' title='bbox 1553 895 1637 923; x_wconf 90' lang='lat' dir='ltr'>me:</span> <span class='ocrx_word' id='word_1_70' title='bbox 1655 882 1679 907; x_wconf 85' lang='lat'>*</span> <span class='ocrx_word' id='word_1_71' title='bbox 1705 882 1761 923; x_wconf 90' lang='lat' dir='ltr'>ad</span> <span class='ocrx_word' id='word_1_72' title='bbox 1789 882 1859 923; x_wconf 91' lang='lat' dir='ltr'>de-</span> 
     </span>
     <span class='ocr_line' id='line_1_27' title="bbox 1035 937 1677 990; baseline 0.003 -13"><span class='ocrx_word' id='word_1_73' title='bbox 1035 937 1278 978; x_wconf 76' lang='lat' dir='ltr'>fensienem</span> <span class='ocrx_word' id='word_1_74' title='bbox 1297 950 1440 979; x_wconf 92' lang='lat' dir='ltr'>meam</span> <span class='ocrx_word' id='word_1_75' title='bbox 1459 938 1677 990; x_wconf 76' lang='lat' dir='ltr'>censpice.</span> 
     </span>
    </p>

    <p class='ocr_par' dir='ltr' id='par_1_10' title="bbox 1033 994 1859 1146">
     <span class='ocr_line' id='line_1_28' title="bbox 1085 994 1859 1035; baseline 0.001 -2"><span class='ocrx_word' id='word_1_76' title='bbox 1085 994 1201 1035; x_wconf 90' lang='lat' dir='ltr'>Erue</span> <span class='ocrx_word' id='word_1_77' title='bbox 1244 1006 1269 1034; x_wconf 90' lang='lat' dir='ltr'>a</span> <span class='ocrx_word' id='word_1_78' title='bbox 1309 994 1474 1035; x_wconf 80' lang='lat' dir='ltr'>framea</span> <span class='ocrx_word' id='word_1_79' title='bbox 1509 994 1630 1035; x_wconf 91' lang='lat' dir='ltr'>Deus</span> <span class='ocrx_word' id='word_1_80' title='bbox 1672 994 1859 1034; x_wconf 81' lang='lat' dir='ltr'>animam</span> 
     </span>
     <span class='ocr_line' id='line_1_29' title="bbox 1034 1049 1859 1091; baseline 0.001 -2"><span class='ocrx_word' id='word_1_81' title='bbox 1034 1062 1190 1090; x_wconf 91' lang='lat' dir='ltr'>meam:</span> <span class='ocrx_word' id='word_1_82' title='bbox 1210 1050 1233 1075; x_wconf 88' lang='lat'>*</span> <span class='ocrx_word' id='word_1_83' title='bbox 1255 1054 1298 1091; x_wconf 86' lang='lat' dir='ltr'>et</span> <span class='ocrx_word' id='word_1_84' title='bbox 1322 1049 1376 1091; x_wconf 93' lang='lat' dir='ltr'>de</span> <span class='ocrx_word' id='word_1_85' title='bbox 1395 1062 1526 1090; x_wconf 92' lang='lat' dir='ltr'>manu</span> <span class='ocrx_word' id='word_1_86' title='bbox 1550 1050 1668 1091; x_wconf 90' lang='lat' dir='ltr'>canis</span> <span class='ocrx_word' id='word_1_87' title='bbox 1687 1051 1859 1091; x_wconf 82' lang='lat' dir='ltr'>unicam</span> 
     </span>
     <span class='ocr_line' id='line_1_30' title="bbox 1033 1118 1186 1146; baseline 0.007 -1"><span class='ocrx_word' id='word_1_88' title='bbox 1033 1118 1186 1146; x_wconf 89' lang='lat' dir='ltr'>meam.</span> 
     </span>
    </p>

    <p class='ocr_par' dir='ltr' id='par_1_11' title="bbox 1032 1162 1859 1315">
     <span class='ocr_line' id='line_1_31' title="bbox 1085 1162 1859 1204; baseline 0.003 -2"><span class='ocrx_word' id='word_1_89' title='bbox 1085 1162 1214 1203; x_wconf 88' lang='lat' dir='ltr'>Salva</span> <span class='ocrx_word' id='word_1_90' title='bbox 1245 1175 1315 1203; x_wconf 92' lang='lat' dir='ltr'>me</span> <span class='ocrx_word' id='word_1_91' title='bbox 1349 1174 1403 1203; x_wconf 82' lang='lat' dir='ltr'>ex</span> <span class='ocrx_word' id='word_1_92' title='bbox 1434 1174 1510 1203; x_wconf 89' lang='lat' dir='ltr'>ore</span> <span class='ocrx_word' id='word_1_93' title='bbox 1540 1162 1695 1204; x_wconf 76' lang='lat' dir='ltr'>leenis:</span> <span class='ocrx_word' id='word_1_94' title='bbox 1716 1164 1738 1188; x_wconf 89' lang='lat'>*</span> <span class='ocrx_word' id='word_1_95' title='bbox 1759 1168 1802 1204; x_wconf 90' lang='lat' dir='ltr'>et</span> <span class='ocrx_word' id='word_1_96' title='bbox 1834 1176 1859 1204; x_wconf 94' lang='lat' dir='ltr'>a</span> 
     </span>
     <span class='ocr_line' id='line_1_32' title="bbox 1033 1218 1859 1260; baseline 0.001 -1"><span class='ocrx_word' id='word_1_97' title='bbox 1033 1218 1238 1259; x_wconf 76' lang='lat' dir='ltr'>cernibus</span> <span class='ocrx_word' id='word_1_98' title='bbox 1271 1218 1542 1259; x_wconf 70' lang='lat' dir='ltr'>unicornium</span> <span class='ocrx_word' id='word_1_99' title='bbox 1572 1218 1859 1260; x_wconf 79' lang='lat' dir='ltr'>humilitatem</span> 
     </span>
     <span class='ocr_line' id='line_1_33' title="bbox 1032 1287 1186 1315; baseline -0.006 0"><span class='ocrx_word' id='word_1_100' title='bbox 1032 1287 1186 1315; x_wconf 88' lang='lat' dir='ltr'>meam.</span> 
     </span>
    </p>

    <p class='ocr_par' dir='ltr' id='par_1_12' title="bbox 1031 1329 1857 1483">
     <span class='ocr_line' id='line_1_34' title="bbox 1083 1329 1857 1373; baseline 0.001 -2"><span class='ocrx_word' id='word_1_101' title='bbox 1083 1329 1286 1373; x_wconf 79' lang='lat' dir='ltr'>Narrabo</span> <span class='ocrx_word' id='word_1_102' title='bbox 1316 1342 1476 1372; x_wconf 89' lang='lat' dir='ltr'>nornen</span> <span class='ocrx_word' id='word_1_103' title='bbox 1504 1335 1627 1370; x_wconf 90' lang='lat' dir='ltr'>tuum</span> <span class='ocrx_word' id='word_1_104' title='bbox 1652 1330 1857 1372; x_wconf 82' lang='lat' dir='ltr'>fratribus</span> 
     </span>
     <span class='ocr_line' id='line_1_35' title="bbox 1031 1385 1856 1428; baseline 0.002 -2"><span class='ocrx_word' id='word_1_105' title='bbox 1031 1387 1159 1427; x_wconf 90' lang='lat' dir='ltr'>meis:</span> <span class='ocrx_word' id='word_1_106' title='bbox 1186 1387 1210 1411; x_wconf 87' lang='grc'><em>*</em></span> <span class='ocrx_word' id='word_1_107' title='bbox 1237 1386 1281 1426; x_wconf 90' lang='lat' dir='ltr'>in</span> <span class='ocrx_word' id='word_1_108' title='bbox 1308 1385 1455 1427; x_wconf 88' lang='lat' dir='ltr'>medio</span> <span class='ocrx_word' id='word_1_109' title='bbox 1485 1385 1682 1427; x_wconf 83' lang='lat' dir='ltr'>ecclesiae</span> <span class='ocrx_word' id='word_1_110' title='bbox 1710 1386 1856 1428; x_wconf 84' lang='lat' dir='ltr'>lauda-</span> 
     </span>
     <span class='ocr_line' id='line_1_36' title="bbox 1031 1441 1445 1483; baseline -0.01 0"><span class='ocrx_word' id='word_1_111' title='bbox 1031 1441 1090 1483; x_wconf 91' lang='lat' dir='ltr'>bo</span> <span class='ocrx_word' id='word_1_112' title='bbox 1109 1447 1163 1483; x_wconf 91' lang='lat' dir='ltr'>te.</span> <span class='ocrx_word' id='word_1_113' title='bbox 1444 1476 1445 1479; x_wconf 73' lang='grc'>,</span> 
     </span>
    </p>

    <p class='ocr_par' dir='ltr' id='par_1_13' title="bbox 1032 1497 1854 1660">
     <span class='ocr_line' id='line_1_37' title="bbox 1085 1497 1854 1547; baseline 0.001 -9"><span class='ocrx_word' id='word_1_114' title='bbox 1085 1498 1168 1547; x_wconf 84' lang='lat' dir='ltr'>Qui</span> <span class='ocrx_word' id='word_1_115' title='bbox 1199 1498 1361 1539; x_wconf 89' lang='lat' dir='ltr'>timetis</span> <span class='ocrx_word' id='word_1_116' title='bbox 1393 1498 1648 1546; x_wconf 75' lang='lat' dir='ltr'>Deminum‚</span> <span class='ocrx_word' id='word_1_117' title='bbox 1680 1497 1854 1539; x_wconf 78' lang='lat' dir='ltr'>laudate</span> 
     </span>
     <span class='ocr_line' id='line_1_38' title="bbox 1033 1554 1853 1595; baseline 0 -1"><span class='ocrx_word' id='word_1_118' title='bbox 1033 1567 1147 1595; x_wconf 89' lang='lat' dir='ltr'>eum:</span> <span class='ocrx_word' id='word_1_119' title='bbox 1184 1556 1207 1581; x_wconf 88' lang='lat'>*</span> <span class='ocrx_word' id='word_1_120' title='bbox 1243 1554 1493 1595; x_wconf 88' lang='lat' dir='ltr'>universum</span> <span class='ocrx_word' id='word_1_121' title='bbox 1535 1566 1683 1595; x_wconf 87' lang='lat' dir='ltr'>semen</span> <span class='ocrx_word' id='word_1_122' title='bbox 1717 1554 1853 1595; x_wconf 84' lang='lat' dir='ltr'>Jacob</span> 
     </span>
     <span class='ocr_line' id='line_1_39' title="bbox 1032 1610 1404 1660; baseline -0.003 -9"><span class='ocrx_word' id='word_1_123' title='bbox 1032 1610 1275 1660; x_wconf 78' lang='lat' dir='ltr'>glorificate</span> <span class='ocrx_word' id='word_1_124' title='bbox 1294 1622 1404 1651; x_wconf 91' lang='lat' dir='ltr'>eum.</span> 
     </span>
    </p>

    <p class='ocr_par' dir='ltr' id='par_1_14' title="bbox 1031 1666 1854 1830">
     <span class='ocr_line' id='line_1_40' title="bbox 1084 1666 1854 1707; baseline 0 -1"><span class='ocrx_word' id='word_1_125' title='bbox 1084 1666 1257 1707; x_wconf 84' lang='lat' dir='ltr'>Timeat</span> <span class='ocrx_word' id='word_1_126' title='bbox 1277 1679 1375 1707; x_wconf 90' lang='lat' dir='ltr'>eum</span> <span class='ocrx_word' id='word_1_127' title='bbox 1395 1678 1523 1707; x_wconf 90' lang='lat' dir='ltr'>omne</span> <span class='ocrx_word' id='word_1_128' title='bbox 1543 1678 1691 1707; x_wconf 90' lang='lat' dir='ltr'>semen</span> <span class='ocrx_word' id='word_1_129' title='bbox 1704 1666 1854 1706; x_wconf 80' lang='lat' dir='ltr'>Israel:</span> 
     </span>
     <span class='ocr_line' id='line_1_41' title="bbox 1031 1722 1852 1774; baseline -0.001 -11"><span class='ocrx_word' id='word_1_130' title='bbox 1031 1723 1055 1747; x_wconf 89' lang='lat'>*</span> <span class='ocrx_word' id='word_1_131' title='bbox 1076 1722 1281 1774; x_wconf 76' lang='lat' dir='ltr'>queniam</span> <span class='ocrx_word' id='word_1_132' title='bbox 1300 1735 1388 1764; x_wconf 91' lang='lat' dir='ltr'>non</span> <span class='ocrx_word' id='word_1_133' title='bbox 1411 1722 1593 1774; x_wconf 90' lang='lat' dir='ltr'>sprevit,</span> <span class='ocrx_word' id='word_1_134' title='bbox 1618 1734 1758 1773; x_wconf 90' lang='lat' dir='ltr'>neque</span> <span class='ocrx_word' id='word_1_135' title='bbox 1783 1722 1852 1763; x_wconf 92' lang='lat' dir='ltr'>de-</span> 
     </span>
     <span class='ocr_line' id='line_1_42' title="bbox 1032 1778 1790 1830; baseline -0.001 -12"><span class='ocrx_word' id='word_1_136' title='bbox 1032 1778 1176 1830; x_wconf 88' lang='lat' dir='ltr'>spexit</span> <span class='ocrx_word' id='word_1_137' title='bbox 1196 1778 1551 1829; x_wconf 77' lang='lat' dir='ltr'>deprecatienem</span> <span class='ocrx_word' id='word_1_138' title='bbox 1570 1778 1790 1830; x_wconf 84' lang='lat' dir='ltr'>pauperis:</span> 
     </span>
    </p>

    <p class='ocr_par' dir='ltr' id='par_1_15' title="bbox 1029 1833 1854 1987">
     <span class='ocr_line' id='line_1_43' title="bbox 1082 1833 1854 1875; baseline -0.001 -1"><span class='ocrx_word' id='word_1_139' title='bbox 1082 1834 1176 1875; x_wconf 91' lang='lat' dir='ltr'>Nec</span> <span class='ocrx_word' id='word_1_140' title='bbox 1195 1834 1353 1875; x_wconf 88' lang='lat' dir='ltr'>avertit</span> <span class='ocrx_word' id='word_1_141' title='bbox 1371 1833 1527 1874; x_wconf 81' lang='lat' dir='ltr'>faciem</span> <span class='ocrx_word' id='word_1_142' title='bbox 1548 1845 1670 1874; x_wconf 90' lang='lat' dir='ltr'>suam</span> <span class='ocrx_word' id='word_1_143' title='bbox 1689 1845 1714 1873; x_wconf 92' lang='lat' dir='ltr'>a</span> <span class='ocrx_word' id='word_1_144' title='bbox 1734 1846 1816 1874; x_wconf 90' lang='lat' dir='ltr'>me:</span> <span class='ocrx_word' id='word_1_145' title='bbox 1831 1834 1854 1858; x_wconf 90' lang='lat'>*</span> 
     </span>
     <span class='ocr_line' id='line_1_44' title="bbox 1031 1888 1852 1938; baseline -0.002 -8"><span class='ocrx_word' id='word_1_146' title='bbox 1031 1894 1075 1930; x_wconf 91' lang='lat' dir='ltr'>et</span> <span class='ocrx_word' id='word_1_147' title='bbox 1094 1902 1194 1930; x_wconf 89' lang='lat' dir='ltr'>cum</span> <span class='ocrx_word' id='word_1_148' title='bbox 1215 1889 1451 1930; x_wconf 83' lang='lat' dir='ltr'>clamarem</span> <span class='ocrx_word' id='word_1_149' title='bbox 1470 1888 1526 1930; x_wconf 87' lang='lat' dir='ltr'>ad</span> <span class='ocrx_word' id='word_1_150' title='bbox 1546 1901 1659 1938; x_wconf 88' lang='lat' dir='ltr'>eum,</span> <span class='ocrx_word' id='word_1_151' title='bbox 1681 1888 1852 1930; x_wconf 81' lang='lat' dir='ltr'>exaudi-</span> 
     </span>
     <span class='ocr_line' id='line_1_45' title="bbox 1029 1946 1191 1987; baseline 0 -1"><span class='ocrx_word' id='word_1_152' title='bbox 1029 1946 1092 1987; x_wconf 85' lang='lat' dir='ltr'>vit</span> <span class='ocrx_word' id='word_1_153' title='bbox 1110 1958 1191 1986; x_wconf 91' lang='lat' dir='ltr'>me.</span> 
     </span>
    </p>

    <p class='ocr_par' dir='ltr' id='par_1_16' title="bbox 1028 1999 1851 2164">
     <span class='ocr_line' id='line_1_46' title="bbox 1081 1999 1851 2053; baseline -0.003 -11"><span class='ocrx_word' id='word_1_154' title='bbox 1081 2001 1215 2053; x_wconf 92' lang='lat' dir='ltr'>Apud</span> <span class='ocrx_word' id='word_1_155' title='bbox 1248 2005 1292 2042; x_wconf 90' lang='lat' dir='ltr'>te</span> <span class='ocrx_word' id='word_1_156' title='bbox 1329 2001 1424 2042; x_wconf 90' lang='lat' dir='ltr'>laus</span> <span class='ocrx_word' id='word_1_157' title='bbox 1458 2013 1555 2041; x_wconf 90' lang='lat' dir='ltr'>mea</span> <span class='ocrx_word' id='word_1_158' title='bbox 1593 2000 1636 2040; x_wconf 92' lang='lat' dir='ltr'>in</span> <span class='ocrx_word' id='word_1_159' title='bbox 1669 1999 1851 2041; x_wconf 89' lang='lat' dir='ltr'>ecclesia</span> 
     </span>
     <span class='ocr_line' id='line_1_47' title="bbox 1028 2055 1850 2108; baseline -0.001 -12"><span class='ocrx_word' id='word_1_160' title='bbox 1028 2069 1199 2108; x_wconf 84' lang='lat' dir='ltr'>magna:</span> <span class='ocrx_word' id='word_1_161' title='bbox 1214 2057 1238 2084; x_wconf 88' lang='lat'>*</span> <span class='ocrx_word' id='word_1_162' title='bbox 1252 2061 1357 2098; x_wconf 86' lang='lat' dir='ltr'>vota</span> <span class='ocrx_word' id='word_1_163' title='bbox 1374 2069 1472 2097; x_wconf 89' lang='lat' dir='ltr'>mea</span> <span class='ocrx_word' id='word_1_164' title='bbox 1490 2055 1673 2097; x_wconf 83' lang='lat' dir='ltr'>reddam</span> <span class='ocrx_word' id='word_1_165' title='bbox 1691 2056 1734 2095; x_wconf 91' lang='lat' dir='ltr'>in</span> <span class='ocrx_word' id='word_1_166' title='bbox 1752 2067 1850 2096; x_wconf 90' lang='lat' dir='ltr'>con-</span> 
     </span>
     <span class='ocr_line' id='line_1_48' title="bbox 1029 2112 1573 2164; baseline -0.004 -12"><span class='ocrx_word' id='word_1_167' title='bbox 1029 2114 1184 2164; x_wconf 91' lang='lat' dir='ltr'>spectu</span> <span class='ocrx_word' id='word_1_168' title='bbox 1202 2112 1445 2154; x_wconf 87' lang='lat' dir='ltr'>timentium</span> <span class='ocrx_word' id='word_1_169' title='bbox 1465 2124 1573 2153; x_wconf 90' lang='lat' dir='ltr'>eum.</span> 
     </span>
    </p>

    <p class='ocr_par' dir='ltr' id='par_1_17' title="bbox 1027 2164 1865 2376">
     <span class='ocr_line' id='line_1_49' title="bbox 1080 2164 1849 2220; baseline -0.001 -12"><span class='ocrx_word' id='word_1_170' title='bbox 1080 2168 1224 2210; x_wconf 91' lang='lat' dir='ltr'>Edent</span> <span class='ocrx_word' id='word_1_171' title='bbox 1252 2171 1489 2220; x_wconf 75' lang='lat' dir='ltr'>pauperes,</span> <span class='ocrx_word' id='word_1_172' title='bbox 1523 2172 1566 2208; x_wconf 91' lang='lat' dir='ltr'>et</span> <span class='ocrx_word' id='word_1_173' title='bbox 1595 2164 1849 2207; x_wconf 79' lang='lat' dir='ltr'>saturabun-</span> 
     </span>
     <span class='ocr_line' id='line_1_50' title="bbox 1027 2219 1849 2272; baseline -0.005 -8"><span class='ocrx_word' id='word_1_174' title='bbox 1027 2228 1113 2264; x_wconf 91' lang='lat' dir='ltr'>tur:</span> <span class='ocrx_word' id='word_1_175' title='bbox 1154 2229 1198 2265; x_wconf 87' lang='lat' dir='ltr'>et</span> <span class='ocrx_word' id='word_1_176' title='bbox 1234 2222 1475 2264; x_wconf 77' lang='lat' dir='ltr'>laudabunt</span> <span class='ocrx_word' id='word_1_177' title='bbox 1506 2221 1742 2262; x_wconf 78' lang='lat' dir='ltr'>Deminum</span> <span class='ocrx_word' id='word_1_178' title='bbox 1775 2219 1849 2272; x_wconf 92' lang='lat' dir='ltr'>qui</span> 
     </span>
     <span class='ocr_line' id='line_1_51' title="bbox 1027 2276 1865 2331; baseline -0.004 -12"><span class='ocrx_word' id='word_1_179' title='bbox 1027 2282 1254 2331; x_wconf 80' lang='lat' dir='ltr'>requirunt</span> <span class='ocrx_word' id='word_1_180' title='bbox 1277 2292 1390 2320; x_wconf 90' lang='lat' dir='ltr'>eum:</span> <span class='ocrx_word' id='word_1_181' title='bbox 1409 2280 1432 2305; x_wconf 87' lang='lat'>*</span> <span class='ocrx_word' id='word_1_182' title='bbox 1450 2278 1596 2318; x_wconf 87' lang='lat' dir='ltr'>vivent</span> <span class='ocrx_word' id='word_1_183' title='bbox 1619 2276 1754 2317; x_wconf 90' lang='lat' dir='ltr'>corda</span> <span class='ocrx_word' id='word_1_184' title='bbox 1779 2277 1865 2317; x_wconf 52' lang='lat' dir='ltr'>ee?</span> 
     </span>
     <span class='ocr_line' id='line_1_52' title="bbox 1027 2332 1591 2376; baseline -0.005 -2"><span class='ocrx_word' id='word_1_185' title='bbox 1027 2347 1124 2375; x_wconf 91' lang='lat' dir='ltr'>rum</span> <span class='ocrx_word' id='word_1_186' title='bbox 1143 2335 1187 2375; x_wconf 89' lang='lat' dir='ltr'>in</span> <span class='ocrx_word' id='word_1_187' title='bbox 1207 2334 1415 2376; x_wconf 81' lang='lat' dir='ltr'>saeculum</span> <span class='ocrx_word' id='word_1_188' title='bbox 1434 2332 1591 2373; x_wconf 78' lang='lat' dir='ltr'>saeculi.</span> 
     </span>
    </p>

    <p class='ocr_par' dir='ltr' id='par_1_18' title="bbox 1027 2388 1848 2487">
     <span class='ocr_line' id='line_1_53' title="bbox 1078 2388 1848 2432; baseline -0.006 0"><span class='ocrx_word' id='word_1_189' title='bbox 1078 2391 1428 2432; x_wconf 90' lang='lat' dir='ltr'>Reminiscentur</span> <span class='ocrx_word' id='word_1_190' title='bbox 1460 2392 1503 2428; x_wconf 92' lang='lat' dir='ltr'>et</span> <span class='ocrx_word' id='word_1_191' title='bbox 1539 2388 1848 2428; x_wconf 88' lang='lat' dir='ltr'>convertentur</span> 
     </span>
     <span class='ocr_line' id='line_1_54' title="bbox 1027 2442 1848 2487; baseline -0.006 0"><span class='ocrx_word' id='word_1_192' title='bbox 1027 2445 1084 2487; x_wconf 91' lang='lat' dir='ltr'>ad</span> <span class='ocrx_word' id='word_1_193' title='bbox 1093 2447 1330 2487; x_wconf 74' lang='lat' dir='ltr'>Deminum</span> <span class='ocrx_word' id='word_1_194' title='bbox 1339 2446 1362 2470; x_wconf 86' lang='lat'>*</span> <span class='ocrx_word' id='word_1_195' title='bbox 1377 2442 1567 2484; x_wconf 90' lang='lat' dir='ltr'>universi</span> <span class='ocrx_word' id='word_1_196' title='bbox 1581 2442 1690 2483; x_wconf 90' lang='lat' dir='ltr'>fines</span> <span class='ocrx_word' id='word_1_197' title='bbox 1704 2447 1848 2483; x_wconf 87' lang='lat' dir='ltr'>terrae:</span> 
     </span>
    </p>

    <p class='ocr_par' dir='ltr' id='par_1_19' title="bbox 1025 2499 1847 2598">
     <span class='ocr_line' id='line_1_55' title="bbox 1078 2499 1847 2550; baseline -0.007 -7"><span class='ocrx_word' id='word_1_198' title='bbox 1078 2502 1136 2543; x_wconf 87' lang='lat' dir='ltr'>Et</span> <span class='ocrx_word' id='word_1_199' title='bbox 1156 2500 1400 2542; x_wconf 83' lang='lat' dir='ltr'>adorabunt</span> <span class='ocrx_word' id='word_1_200' title='bbox 1424 2500 1466 2539; x_wconf 92' lang='lat' dir='ltr'>in</span> <span class='ocrx_word' id='word_1_201' title='bbox 1493 2500 1733 2550; x_wconf 89' lang='lat' dir='ltr'>conspectu</span> <span class='ocrx_word' id='word_1_202' title='bbox 1757 2499 1847 2550; x_wconf 93' lang='lat' dir='ltr'>ejus</span> 
     </span>
     <span class='ocr_line' id='line_1_56' title="bbox 1025 2553 1713 2598; baseline -0.009 1"><span class='ocrx_word' id='word_1_203' title='bbox 1025 2557 1049 2582; x_wconf 89' lang='grc'><em>*</em></span> <span class='ocrx_word' id='word_1_204' title='bbox 1067 2557 1282 2598; x_wconf 89' lang='lat' dir='ltr'>universae</span> <span class='ocrx_word' id='word_1_205' title='bbox 1302 2554 1474 2596; x_wconf 87' lang='lat' dir='ltr'>familiae</span> <span class='ocrx_word' id='word_1_206' title='bbox 1495 2553 1713 2594; x_wconf 89' lang='lat' dir='ltr'>Gentium.</span> 
     </span>
    </p>

    <p class='ocr_par' dir='ltr' id='par_1_20' title="bbox 1025 2609 1845 2719">
     <span class='ocr_line' id='line_1_57' title="bbox 1078 2609 1845 2662; baseline -0.004 -9"><span class='ocrx_word' id='word_1_207' title='bbox 1078 2613 1291 2662; x_wconf 78' lang='lat' dir='ltr'>Queniam</span> <span class='ocrx_word' id='word_1_208' title='bbox 1310 2609 1487 2651; x_wconf 73' lang='lat' dir='ltr'>Demini</span> <span class='ocrx_word' id='word_1_209' title='bbox 1512 2614 1579 2650; x_wconf 91' lang='lat' dir='ltr'>est</span> <span class='ocrx_word' id='word_1_210' title='bbox 1603 2622 1798 2660; x_wconf 88' lang='lat' dir='ltr'>regnum:</span> <span class='ocrx_word' id='word_1_211' title='bbox 1822 2609 1845 2634; x_wconf 92' lang='lat'>*</span> 
     </span>
     <span class='ocr_line' id='line_1_58' title="bbox 1025 2665 1727 2719; baseline -0.006 -11"><span class='ocrx_word' id='word_1_212' title='bbox 1025 2672 1069 2708; x_wconf 91' lang='lat' dir='ltr'>et</span> <span class='ocrx_word' id='word_1_213' title='bbox 1088 2668 1183 2719; x_wconf 91' lang='lat' dir='ltr'>ipse</span> <span class='ocrx_word' id='word_1_214' title='bbox 1202 2665 1493 2707; x_wconf 78' lang='lat' dir='ltr'>dominabitur</span> <span class='ocrx_word' id='word_1_215' title='bbox 1511 2665 1727 2705; x_wconf 89' lang='lat' dir='ltr'>Gentium.</span> 
     </span>
    </p>
   </div>
   <div class='ocr_carea' id='block_1_7' title="bbox 146 260 994 2711">
    <p class='ocr_par' dir='ltr' id='par_1_21' title="bbox 434 260 708 300">
     <span class='ocr_line' id='line_1_59' title="bbox 434 260 708 300; baseline 0.004 -1"><span class='ocrx_word' id='word_1_216' title='bbox 434 260 631 300; x_wconf 86' lang='lat' dir='ltr'>Psalmus</span> <span class='ocrx_word' id='word_1_217' title='bbox 651 263 708 300; x_wconf 78' lang='lat'>21.</span> 
     </span>
    </p>

    <p class='ocr_par' dir='ltr' id='par_1_22' title="bbox 154 306 986 412">
     <span class='ocr_line' id='line_1_60' title="bbox 154 306 986 412; baseline 0.005 -58"><span class='ocrx_word' id='word_1_218' title='bbox 154 306 322 412; x_wconf 88' lang='lat' dir='ltr'>Deus</span> <span class='ocrx_word' id='word_1_219' title='bbox 345 314 467 356; x_wconf 87' lang='lat' dir='ltr'>Deus</span> <span class='ocrx_word' id='word_1_220' title='bbox 491 328 615 357; x_wconf 92' lang='lat' dir='ltr'>meus</span> <span class='ocrx_word' id='word_1_221' title='bbox 640 317 811 369; x_wconf 90' lang='lat' dir='ltr'>respice</span> <span class='ocrx_word' id='word_1_222' title='bbox 835 318 878 358; x_wconf 93' lang='lat' dir='ltr'>in</span> <span class='ocrx_word' id='word_1_223' title='bbox 902 332 986 360; x_wconf 90' lang='lat' dir='ltr'>me:</span> 
     </span>
    </p>

    <p class='ocr_par' dir='ltr' id='par_1_23' title="bbox 252 371 986 425">
     <span class='ocr_line' id='line_1_61' title="bbox 252 371 986 425; baseline 0.008 -15"><span class='ocrx_word' id='word_1_224' title='bbox 252 382 387 421; x_wconf 87' lang='lat' dir='ltr'>quare</span> <span class='ocrx_word' id='word_1_225' title='bbox 406 383 476 412; x_wconf 91' lang='lat' dir='ltr'>me</span> <span class='ocrx_word' id='word_1_226' title='bbox 501 371 794 424; x_wconf 82' lang='lat' dir='ltr'>dereliquisti?</span> <span class='ocrx_word' id='word_1_227' title='bbox 814 374 837 398; x_wconf 90' lang='lat'>*</span> <span class='ocrx_word' id='word_1_228' title='bbox 856 374 986 425; x_wconf 87' lang='lat' dir='ltr'>longe</span> 
     </span>
    </p>

    <p class='ocr_par' dir='ltr' id='par_1_24' title="bbox 154 425 985 522">
     <span class='ocr_line' id='line_1_62' title="bbox 157 425 985 471; baseline 0.007 -6"><span class='ocrx_word' id='word_1_229' title='bbox 157 436 182 465; x_wconf 89' lang='lat' dir='ltr'>a</span> <span class='ocrx_word' id='word_1_230' title='bbox 227 425 367 467; x_wconf 81' lang='lat' dir='ltr'>salute</span> <span class='ocrx_word' id='word_1_231' title='bbox 411 439 509 468; x_wconf 89' lang='lat' dir='ltr'>mea</span> <span class='ocrx_word' id='word_1_232' title='bbox 549 428 685 469; x_wconf 85' lang='lat' dir='ltr'>verba</span> <span class='ocrx_word' id='word_1_233' title='bbox 726 428 985 471; x_wconf 71' lang='lat' dir='ltr'>delicterum</span> 
     </span>
     <span class='ocr_line' id='line_1_63' title="bbox 154 483 363 522; baseline 0.005 -1"><span class='ocrx_word' id='word_1_234' title='bbox 154 483 363 522; x_wconf 65' lang='lat' dir='ltr'>meorum.</span> 
     </span>
    </p>

    <p class='ocr_par' dir='ltr' id='par_1_25' title="bbox 154 537 985 703">
     <span class='ocr_line' id='line_1_64' title="bbox 206 537 984 593; baseline 0.006 -15"><span class='ocrx_word' id='word_1_235' title='bbox 206 537 330 579; x_wconf 88' lang='lat' dir='ltr'>Deus</span> <span class='ocrx_word' id='word_1_236' title='bbox 361 551 485 580; x_wconf 92' lang='lat' dir='ltr'>meus</span> <span class='ocrx_word' id='word_1_237' title='bbox 518 539 718 582; x_wconf 79' lang='lat' dir='ltr'>clamabo</span> <span class='ocrx_word' id='word_1_238' title='bbox 750 554 830 593; x_wconf 91' lang='lat' dir='ltr'>per</span> <span class='ocrx_word' id='word_1_239' title='bbox 859 541 984 591; x_wconf 92' lang='lat' dir='ltr'>diem,</span> 
     </span>
     <span class='ocr_line' id='line_1_65' title="bbox 155 594 985 646; baseline 0.006 -13"><span class='ocrx_word' id='word_1_240' title='bbox 155 596 199 633; x_wconf 90' lang='lat' dir='ltr'>et</span> <span class='ocrx_word' id='word_1_241' title='bbox 216 606 305 635; x_wconf 91' lang='lat' dir='ltr'>non</span> <span class='ocrx_word' id='word_1_242' title='bbox 324 594 549 637; x_wconf 81' lang='lat' dir='ltr'>exaudies:</span> <span class='ocrx_word' id='word_1_243' title='bbox 569 597 592 622; x_wconf 86' lang='lat'>*</span> <span class='ocrx_word' id='word_1_244' title='bbox 612 601 656 637; x_wconf 94' lang='lat' dir='ltr'>et</span> <span class='ocrx_word' id='word_1_245' title='bbox 674 603 816 646; x_wconf 87' lang='lat' dir='ltr'>nocte,</span> <span class='ocrx_word' id='word_1_246' title='bbox 836 602 879 638; x_wconf 94' lang='lat' dir='ltr'>et</span> <span class='ocrx_word' id='word_1_247' title='bbox 897 610 985 638; x_wconf 93' lang='lat' dir='ltr'>non</span> 
     </span>
     <span class='ocr_line' id='line_1_66' title="bbox 154 648 656 703; baseline 0.006 -14"><span class='ocrx_word' id='word_1_248' title='bbox 154 648 211 690; x_wconf 92' lang='lat' dir='ltr'>ad</span> <span class='ocrx_word' id='word_1_249' title='bbox 227 650 521 703; x_wconf 80' lang='lat' dir='ltr'>insipientiam</span> <span class='ocrx_word' id='word_1_250' title='bbox 538 651 656 693; x_wconf 92' lang='lat' dir='ltr'>mihi.</span> 
     </span>
    </p>

    <p class='ocr_par' dir='ltr' id='par_1_26' title="bbox 151 705 983 803">
     <span class='ocr_line' id='line_1_67' title="bbox 205 705 983 759; baseline 0.004 -12"><span class='ocrx_word' id='word_1_251' title='bbox 205 705 275 747; x_wconf 92' lang='lat' dir='ltr'>Tu</span> <span class='ocrx_word' id='word_1_252' title='bbox 306 712 453 749; x_wconf 87' lang='lat' dir='ltr'>autem</span> <span class='ocrx_word' id='word_1_253' title='bbox 483 708 529 748; x_wconf 92' lang='lat' dir='ltr'>in</span> <span class='ocrx_word' id='word_1_254' title='bbox 561 713 715 750; x_wconf 88' lang='lat' dir='ltr'>sancto</span> <span class='ocrx_word' id='word_1_255' title='bbox 744 708 932 759; x_wconf 81' lang='lat' dir='ltr'>habitas,</span> <span class='ocrx_word' id='word_1_256' title='bbox 960 710 983 735; x_wconf 87' lang='lat'>*</span> 
     </span>
     <span class='ocr_line' id='line_1_68' title="bbox 151 761 414 803; baseline 0.008 -2"><span class='ocrx_word' id='word_1_257' title='bbox 151 761 247 802; x_wconf 90' lang='lat' dir='ltr'>laus</span> <span class='ocrx_word' id='word_1_258' title='bbox 266 762 414 803; x_wconf 78' lang='lat' dir='ltr'>Israel.</span> 
     </span>
    </p>

    <p class='ocr_par' dir='ltr' id='par_1_27' title="bbox 151 818 983 926">
     <span class='ocr_line' id='line_1_69' title="bbox 205 818 983 873; baseline 0.005 -15"><span class='ocrx_word' id='word_1_259' title='bbox 205 818 257 858; x_wconf 88' lang='lat' dir='ltr'>In</span> <span class='ocrx_word' id='word_1_260' title='bbox 279 822 324 860; x_wconf 92' lang='lat' dir='ltr'>te</span> <span class='ocrx_word' id='word_1_261' title='bbox 347 821 633 872; x_wconf 87' lang='lat' dir='ltr'>speraverunt</span> <span class='ocrx_word' id='word_1_262' title='bbox 657 825 805 873; x_wconf 89' lang='lat' dir='ltr'>patres</span> <span class='ocrx_word' id='word_1_263' title='bbox 829 822 983 862; x_wconf 89' lang='lat' dir='ltr'>nostri:</span> 
     </span>
     <span class='ocr_line' id='line_1_70' title="bbox 151 874 879 926; baseline 0.004 -11"><span class='ocrx_word' id='word_1_264' title='bbox 151 874 176 900; x_wconf 86' lang='lat'>*</span> <span class='ocrx_word' id='word_1_265' title='bbox 195 877 492 926; x_wconf 87' lang='lat' dir='ltr'>speraverunt,</span> <span class='ocrx_word' id='word_1_266' title='bbox 513 881 556 917; x_wconf 88' lang='lat' dir='ltr'>et</span> <span class='ocrx_word' id='word_1_267' title='bbox 576 876 773 918; x_wconf 81' lang='lat' dir='ltr'>liberasti</span> <span class='ocrx_word' id='word_1_268' title='bbox 793 889 879 918; x_wconf 88' lang='lat' dir='ltr'>eos.</span> 
     </span>
    </p>

    <p class='ocr_par' dir='ltr' id='par_1_28' title="bbox 151 930 982 1085">
     <span class='ocr_line' id='line_1_71' title="bbox 203 930 981 983; baseline 0.004 -12"><span class='ocrx_word' id='word_1_269' title='bbox 203 930 277 972; x_wconf 90' lang='lat' dir='ltr'>Ad</span> <span class='ocrx_word' id='word_1_270' title='bbox 301 935 345 972; x_wconf 91' lang='lat' dir='ltr'>te</span> <span class='ocrx_word' id='word_1_271' title='bbox 373 931 689 983; x_wconf 76' lang='lat' dir='ltr'>clamaverunt,</span> <span class='ocrx_word' id='word_1_272' title='bbox 721 938 765 974; x_wconf 88' lang='lat' dir='ltr'>et</span> <span class='ocrx_word' id='word_1_273' title='bbox 790 933 900 974; x_wconf 88' lang='lat' dir='ltr'>salvi</span> <span class='ocrx_word' id='word_1_274' title='bbox 923 933 981 974; x_wconf 90' lang='lat' dir='ltr'>fa-</span> 
     </span>
     <span class='ocr_line' id='line_1_72' title="bbox 151 986 982 1041; baseline 0.004 -14"><span class='ocrx_word' id='word_1_275' title='bbox 151 986 211 1027; x_wconf 91' lang='lat' dir='ltr'>cti</span> <span class='ocrx_word' id='word_1_276' title='bbox 229 987 433 1028; x_wconf 84' lang='lat' dir='ltr'>sunt:*in</span> <span class='ocrx_word' id='word_1_277' title='bbox 452 993 496 1029; x_wconf 90' lang='lat' dir='ltr'>te</span> <span class='ocrx_word' id='word_1_278' title='bbox 516 991 815 1041; x_wconf 89' lang='lat' dir='ltr'>speraverunt,</span> <span class='ocrx_word' id='word_1_279' title='bbox 836 994 879 1030; x_wconf 89' lang='lat' dir='ltr'>et</span> <span class='ocrx_word' id='word_1_280' title='bbox 893 1002 982 1030; x_wconf 93' lang='lat' dir='ltr'>non</span> 
     </span>
     <span class='ocr_line' id='line_1_73' title="bbox 151 1044 453 1085; baseline 0.007 -2"><span class='ocrx_word' id='word_1_281' title='bbox 151 1047 252 1084; x_wconf 89' lang='lat' dir='ltr'>sunt</span> <span class='ocrx_word' id='word_1_282' title='bbox 270 1044 453 1085; x_wconf 83' lang='lat' dir='ltr'>confusi.</span> 
     </span>
    </p>

    <p class='ocr_par' dir='ltr' id='par_1_29' title="bbox 150 1099 981 1265">
     <span class='ocr_line' id='line_1_74' title="bbox 202 1099 981 1151; baseline 0.004 -11"><span class='ocrx_word' id='word_1_283' title='bbox 202 1099 298 1150; x_wconf 87' lang='lat' dir='ltr'>Ego</span> <span class='ocrx_word' id='word_1_284' title='bbox 323 1105 470 1142; x_wconf 89' lang='lat' dir='ltr'>autem</span> <span class='ocrx_word' id='word_1_285' title='bbox 495 1114 592 1142; x_wconf 92' lang='lat' dir='ltr'>sum</span> <span class='ocrx_word' id='word_1_286' title='bbox 618 1102 797 1151; x_wconf 88' lang='lat' dir='ltr'>vermis,</span> <span class='ocrx_word' id='word_1_287' title='bbox 825 1107 868 1143; x_wconf 92' lang='lat' dir='ltr'>et</span> <span class='ocrx_word' id='word_1_288' title='bbox 894 1115 981 1143; x_wconf 92' lang='lat' dir='ltr'>non</span> 
     </span>
     <span class='ocr_line' id='line_1_75' title="bbox 150 1154 981 1210; baseline 0.006 -15"><span class='ocrx_word' id='word_1_289' title='bbox 150 1154 299 1197; x_wconf 91' lang='lat' dir='ltr'>homo:</span> <span class='ocrx_word' id='word_1_290' title='bbox 318 1156 343 1182; x_wconf 89' lang='lat'>*</span> <span class='ocrx_word' id='word_1_291' title='bbox 363 1157 652 1210; x_wconf 78' lang='lat' dir='ltr'>opprebrium</span> <span class='ocrx_word' id='word_1_292' title='bbox 671 1157 913 1208; x_wconf 66' lang='lat' dir='ltr'>hominum,</span> <span class='ocrx_word' id='word_1_293' title='bbox 938 1164 981 1200; x_wconf 90' lang='lat' dir='ltr'>et</span> 
     </span>
     <span class='ocr_line' id='line_1_76' title="bbox 150 1210 510 1265; baseline 0.011 -14"><span class='ocrx_word' id='word_1_294' title='bbox 150 1210 336 1263; x_wconf 89' lang='lat' dir='ltr'>abjectio</span> <span class='ocrx_word' id='word_1_295' title='bbox 355 1213 510 1265; x_wconf 90' lang='lat' dir='ltr'>plebis.</span> 
     </span>
    </p>

    <p class='ocr_par' dir='ltr' id='par_1_30' title="bbox 149 1267 981 1433">
     <span class='ocr_line' id='line_1_77' title="bbox 203 1267 981 1319; baseline 0.004 -10"><span class='ocrx_word' id='word_1_296' title='bbox 203 1267 367 1310; x_wconf 89' lang='lat' dir='ltr'>Omnes</span> <span class='ocrx_word' id='word_1_297' title='bbox 389 1269 590 1311; x_wconf 90' lang='lat' dir='ltr'>videntes</span> <span class='ocrx_word' id='word_1_298' title='bbox 616 1282 704 1319; x_wconf 88' lang='lat' dir='ltr'>me,</span> <span class='ocrx_word' id='word_1_299' title='bbox 735 1269 981 1313; x_wconf 80' lang='lat' dir='ltr'>deriserunt</span> 
     </span>
     <span class='ocr_line' id='line_1_78' title="bbox 149 1324 979 1376; baseline 0.005 -12"><span class='ocrx_word' id='word_1_300' title='bbox 149 1336 236 1365; x_wconf 89' lang='lat' dir='ltr'>me:</span> <span class='ocrx_word' id='word_1_301' title='bbox 260 1324 284 1349; x_wconf 84' lang='grc'>*</span> <span class='ocrx_word' id='word_1_302' title='bbox 311 1324 448 1367; x_wconf 84' lang='lat' dir='ltr'>locuti</span> <span class='ocrx_word' id='word_1_303' title='bbox 472 1330 573 1367; x_wconf 84' lang='lat' dir='ltr'>sunt</span> <span class='ocrx_word' id='word_1_304' title='bbox 596 1325 741 1376; x_wconf 77' lang='lat' dir='ltr'>labiis,</span> <span class='ocrx_word' id='word_1_305' title='bbox 768 1331 811 1368; x_wconf 93' lang='lat' dir='ltr'>et</span> <span class='ocrx_word' id='word_1_306' title='bbox 834 1329 979 1368; x_wconf 89' lang='lat' dir='ltr'>move-</span> 
     </span>
     <span class='ocr_line' id='line_1_79' title="bbox 149 1385 415 1433; baseline 0.015 -14"><span class='ocrx_word' id='word_1_307' title='bbox 149 1385 251 1421; x_wconf 93' lang='lat' dir='ltr'>runt</span> <span class='ocrx_word' id='word_1_308' title='bbox 271 1386 415 1433; x_wconf 89' lang='lat' dir='ltr'>caput.</span> 
     </span>
    </p>

    <p class='ocr_par' dir='ltr' id='par_1_31' title="bbox 150 1436 981 1546">
     <span class='ocr_line' id='line_1_80' title="bbox 196 1436 981 1490; baseline 0.005 -14"><span class='ocrx_word' id='word_1_309' title='bbox 196 1436 398 1488; x_wconf 78' lang='lat' dir='ltr'>Speravit</span> <span class='ocrx_word' id='word_1_310' title='bbox 408 1437 452 1478; x_wconf 88' lang='lat' dir='ltr'>in</span> <span class='ocrx_word' id='word_1_311' title='bbox 462 1438 574 1487; x_wconf 79' lang='lat' dir='ltr'>Dfio,</span> <span class='ocrx_word' id='word_1_312' title='bbox 584 1439 740 1490; x_wconf 84' lang='lat' dir='ltr'>eripiat</span> <span class='ocrx_word' id='word_1_313' title='bbox 751 1451 863 1480; x_wconf 92' lang='lat' dir='ltr'>eum:</span> <span class='ocrx_word' id='word_1_314' title='bbox 871 1439 895 1464; x_wconf 87' lang='lat'>*</span> <span class='ocrx_word' id='word_1_315' title='bbox 906 1439 981 1480; x_wconf 91' lang='lat' dir='ltr'>sal·</span> 
     </span>
     <span class='ocr_line' id='line_1_81' title="bbox 150 1492 979 1546; baseline 0.005 -15"><span class='ocrx_word' id='word_1_316' title='bbox 150 1504 257 1536; x_wconf 87' lang='lat' dir='ltr'>vum</span> <span class='ocrx_word' id='word_1_317' title='bbox 268 1492 399 1535; x_wconf 79' lang='lat' dir='ltr'>faciat</span> <span class='ocrx_word' id='word_1_318' title='bbox 414 1506 524 1543; x_wconf 87' lang='lat' dir='ltr'>eum,</span> <span class='ocrx_word' id='word_1_319' title='bbox 541 1495 746 1546; x_wconf 78' lang='lat' dir='ltr'>queniam</span> <span class='ocrx_word' id='word_1_320' title='bbox 761 1495 855 1536; x_wconf 86' lang='lat' dir='ltr'>vult</span> <span class='ocrx_word' id='word_1_321' title='bbox 869 1508 979 1536; x_wconf 92' lang='lat' dir='ltr'>eum.</span> 
     </span>
    </p>

    <p class='ocr_par' dir='ltr' id='par_1_32' title="bbox 149 1549 980 1759">
     <span class='ocr_line' id='line_1_82' title="bbox 201 1549 980 1602; baseline 0.004 -14"><span class='ocrx_word' id='word_1_322' title='bbox 201 1549 419 1598; x_wconf 76' lang='lat' dir='ltr'>Queniam</span> <span class='ocrx_word' id='word_1_323' title='bbox 437 1554 485 1591; x_wconf 94' lang='lat' dir='ltr'>tu</span> <span class='ocrx_word' id='word_1_324' title='bbox 500 1562 558 1600; x_wconf 85' lang='lat' dir='ltr'>es,</span> <span class='ocrx_word' id='word_1_325' title='bbox 577 1551 652 1602; x_wconf 92' lang='lat' dir='ltr'>qui</span> <span class='ocrx_word' id='word_1_326' title='bbox 666 1551 895 1592; x_wconf 83' lang='lat' dir='ltr'>extraxisti</span> <span class='ocrx_word' id='word_1_327' title='bbox 909 1564 980 1592; x_wconf 92' lang='lat' dir='ltr'>me</span> 
     </span>
     <span class='ocr_line' id='line_1_83' title="bbox 151 1603 979 1659; baseline 0.004 -14"><span class='ocrx_word' id='word_1_328' title='bbox 151 1603 206 1645; x_wconf 91' lang='lat' dir='ltr'>de</span> <span class='ocrx_word' id='word_1_329' title='bbox 223 1610 392 1647; x_wconf 89' lang='lat' dir='ltr'>ventre:</span> <span class='ocrx_word' id='word_1_330' title='bbox 411 1607 435 1633; x_wconf 85' lang='lat'>*</span> <span class='ocrx_word' id='word_1_331' title='bbox 455 1619 559 1659; x_wconf 89' lang='lat' dir='ltr'>spes</span> <span class='ocrx_word' id='word_1_332' title='bbox 577 1619 675 1648; x_wconf 92' lang='lat' dir='ltr'>mea</span> <span class='ocrx_word' id='word_1_333' title='bbox 695 1607 750 1648; x_wconf 92' lang='lat' dir='ltr'>ab</span> <span class='ocrx_word' id='word_1_334' title='bbox 770 1607 979 1648; x_wconf 83' lang='lat' dir='ltr'>uberibus</span> 
     </span>
     <span class='ocr_line' id='line_1_84' title="bbox 149 1661 979 1715; baseline 0.004 -15"><span class='ocrx_word' id='word_1_335' title='bbox 149 1661 302 1702; x_wconf 89' lang='lat' dir='ltr'>matris</span> <span class='ocrx_word' id='word_1_336' title='bbox 326 1675 448 1704; x_wconf 88' lang='lat' dir='ltr'>meae.</span> <span class='ocrx_word' id='word_1_337' title='bbox 489 1664 540 1704; x_wconf 92' lang='lat' dir='ltr'>In</span> <span class='ocrx_word' id='word_1_338' title='bbox 563 1667 608 1704; x_wconf 89' lang='lat' dir='ltr'>te</span> <span class='ocrx_word' id='word_1_339' title='bbox 634 1665 856 1715; x_wconf 91' lang='lat' dir='ltr'>projectus</span> <span class='ocrx_word' id='word_1_340' title='bbox 882 1676 979 1704; x_wconf 91' lang='lat' dir='ltr'>sum</span> 
     </span>
     <span class='ocr_line' id='line_1_85' title="bbox 149 1720 366 1759; baseline 0.009 -2"><span class='ocrx_word' id='word_1_341' title='bbox 149 1728 203 1757; x_wconf 89' lang='lat' dir='ltr'>ex</span> <span class='ocrx_word' id='word_1_342' title='bbox 222 1720 366 1759; x_wconf 81' lang='lat' dir='ltr'>utero:</span> 
     </span>
    </p>

    <p class='ocr_par' dir='ltr' id='par_1_33' title="bbox 148 1773 978 1881">
     <span class='ocr_line' id='line_1_86' title="bbox 199 1773 978 1817; baseline 0.001 -3"><span class='ocrx_word' id='word_1_343' title='bbox 199 1773 269 1815; x_wconf 90' lang='lat' dir='ltr'>De</span> <span class='ocrx_word' id='word_1_344' title='bbox 287 1778 440 1816; x_wconf 88' lang='lat' dir='ltr'>ventre</span> <span class='ocrx_word' id='word_1_345' title='bbox 458 1776 611 1816; x_wconf 90' lang='lat' dir='ltr'>matris</span> <span class='ocrx_word' id='word_1_346' title='bbox 630 1788 742 1817; x_wconf 87' lang='lat' dir='ltr'>meae</span> <span class='ocrx_word' id='word_1_347' title='bbox 757 1776 877 1817; x_wconf 88' lang='lat' dir='ltr'>Deus</span> <span class='ocrx_word' id='word_1_348' title='bbox 892 1788 978 1816; x_wconf 91' lang='lat' dir='ltr'>me-</span> 
     </span>
     <span class='ocr_line' id='line_1_87' title="bbox 148 1830 887 1881; baseline 0.001 -11"><span class='ocrx_word' id='word_1_349' title='bbox 148 1842 200 1870; x_wconf 93' lang='lat' dir='ltr'>us</span> <span class='ocrx_word' id='word_1_350' title='bbox 219 1842 266 1871; x_wconf 90' lang='lat' dir='ltr'>es</span> <span class='ocrx_word' id='word_1_351' title='bbox 285 1835 343 1881; x_wconf 84' lang='lat' dir='ltr'>tu,</span> <span class='ocrx_word' id='word_1_352' title='bbox 362 1831 386 1856; x_wconf 92' lang='lat'>*</span> <span class='ocrx_word' id='word_1_353' title='bbox 405 1844 460 1872; x_wconf 93' lang='lat' dir='ltr'>ne</span> <span class='ocrx_word' id='word_1_354' title='bbox 482 1830 736 1873; x_wconf 86' lang='lat' dir='ltr'>discesseris</span> <span class='ocrx_word' id='word_1_355' title='bbox 757 1844 782 1872; x_wconf 90' lang='lat' dir='ltr'>a</span> <span class='ocrx_word' id='word_1_356' title='bbox 800 1844 887 1872; x_wconf 92' lang='lat' dir='ltr'>me:</span> 
     </span>
    </p>

    <p class='ocr_par' dir='ltr' id='par_1_34' title="bbox 148 1886 977 1995">
     <span class='ocr_line' id='line_1_88' title="bbox 201 1886 977 1940; baseline 0.001 -13"><span class='ocrx_word' id='word_1_357' title='bbox 201 1886 420 1936; x_wconf 81' lang='lat' dir='ltr'>Queniam</span> <span class='ocrx_word' id='word_1_358' title='bbox 437 1887 663 1929; x_wconf 79' lang='lat' dir='ltr'>tribulatio</span> <span class='ocrx_word' id='word_1_359' title='bbox 677 1887 880 1940; x_wconf 77' lang='lat' dir='ltr'>prexima</span> <span class='ocrx_word' id='word_1_360' title='bbox 896 1891 977 1928; x_wconf 90' lang='lat' dir='ltr'>est:</span> 
     </span>
     <span class='ocr_line' id='line_1_89' title="bbox 148 1941 896 1995; baseline 0 -12"><span class='ocrx_word' id='word_1_361' title='bbox 148 1941 172 1966; x_wconf 90' lang='lat'>*</span> <span class='ocrx_word' id='word_1_362' title='bbox 193 1943 400 1993; x_wconf 77' lang='lat' dir='ltr'>queniam</span> <span class='ocrx_word' id='word_1_363' title='bbox 418 1955 507 1985; x_wconf 94' lang='lat' dir='ltr'>non</span> <span class='ocrx_word' id='word_1_364' title='bbox 527 1949 594 1985; x_wconf 91' lang='lat' dir='ltr'>est</span> <span class='ocrx_word' id='word_1_365' title='bbox 615 1944 690 1995; x_wconf 92' lang='lat' dir='ltr'>qui</span> <span class='ocrx_word' id='word_1_366' title='bbox 709 1943 896 1995; x_wconf 79' lang='lat' dir='ltr'>adjuvet.</span> 
     </span>
    </p>

    <p class='ocr_par' dir='ltr' id='par_1_35' title="bbox 147 1998 978 2106">
     <span class='ocr_line' id='line_1_90' title="bbox 202 1998 978 2040; baseline 0.001 -2"><span class='ocrx_word' id='word_1_367' title='bbox 202 1998 593 2040; x_wconf 88' lang='lat' dir='ltr'>Circumdederunt</span> <span class='ocrx_word' id='word_1_368' title='bbox 611 2011 681 2040; x_wconf 89' lang='lat' dir='ltr'>me</span> <span class='ocrx_word' id='word_1_369' title='bbox 696 1998 820 2040; x_wconf 83' lang='lat' dir='ltr'>vituli</span> <span class='ocrx_word' id='word_1_370' title='bbox 835 1998 978 2039; x_wconf 86' lang='lat' dir='ltr'>multi:</span> 
     </span>
     <span class='ocr_line' id='line_1_91' title="bbox 147 2053 898 2106; baseline 0.001 -13"><span class='ocrx_word' id='word_1_371' title='bbox 147 2053 171 2078; x_wconf 89' lang='lat'>*</span> <span class='ocrx_word' id='word_1_372' title='bbox 190 2054 306 2094; x_wconf 91' lang='lat' dir='ltr'>tauri</span> <span class='ocrx_word' id='word_1_373' title='bbox 323 2055 510 2106; x_wconf 87' lang='lat' dir='ltr'>pingues</span> <span class='ocrx_word' id='word_1_374' title='bbox 530 2055 800 2096; x_wconf 89' lang='lat' dir='ltr'>obsederunt</span> <span class='ocrx_word' id='word_1_375' title='bbox 818 2067 898 2095; x_wconf 87' lang='lat' dir='ltr'>me.</span> 
     </span>
    </p>

    <p class='ocr_par' dir='ltr' id='par_1_36' title="bbox 148 2110 975 2219">
     <span class='ocr_line' id='line_1_92' title="bbox 199 2110 975 2163; baseline 0 -13"><span class='ocrx_word' id='word_1_376' title='bbox 199 2110 482 2162; x_wconf 88' lang='lat' dir='ltr'>Aperuerunt</span> <span class='ocrx_word' id='word_1_377' title='bbox 509 2124 641 2163; x_wconf 90' lang='lat' dir='ltr'>super</span> <span class='ocrx_word' id='word_1_378' title='bbox 668 2123 738 2152; x_wconf 91' lang='lat' dir='ltr'>me</span> <span class='ocrx_word' id='word_1_379' title='bbox 763 2123 813 2151; x_wconf 90' lang='lat' dir='ltr'>os</span> <span class='ocrx_word' id='word_1_380' title='bbox 838 2123 975 2159; x_wconf 89' lang='lat' dir='ltr'>suum,</span> 
     </span>
     <span class='ocr_line' id='line_1_93' title="bbox 148 2166 861 2219; baseline -0.001 -13"><span class='ocrx_word' id='word_1_381' title='bbox 148 2166 172 2191; x_wconf 90' lang='lat'>*</span> <span class='ocrx_word' id='word_1_382' title='bbox 191 2166 304 2207; x_wconf 91' lang='lat' dir='ltr'>sicut</span> <span class='ocrx_word' id='word_1_383' title='bbox 323 2166 393 2208; x_wconf 92' lang='lat' dir='ltr'>leo</span> <span class='ocrx_word' id='word_1_384' title='bbox 414 2167 591 2219; x_wconf 79' lang='lat' dir='ltr'>rapiens</span> <span class='ocrx_word' id='word_1_385' title='bbox 612 2172 655 2208; x_wconf 91' lang='lat' dir='ltr'>et</span> <span class='ocrx_word' id='word_1_386' title='bbox 674 2167 861 2218; x_wconf 81' lang='lat' dir='ltr'>rugiens.</span> 
     </span>
    </p>

    <p class='ocr_par' dir='ltr' id='par_1_37' title="bbox 148 2221 974 2329">
     <span class='ocr_line' id='line_1_94' title="bbox 199 2221 974 2275; baseline 0 -13"><span class='ocrx_word' id='word_1_387' title='bbox 199 2221 321 2263; x_wconf 91' lang='lat' dir='ltr'>Sicut</span> <span class='ocrx_word' id='word_1_388' title='bbox 345 2235 460 2275; x_wconf 92' lang='lat' dir='ltr'>aqua</span> <span class='ocrx_word' id='word_1_389' title='bbox 485 2222 650 2264; x_wconf 82' lang='lat' dir='ltr'>effusus</span> <span class='ocrx_word' id='word_1_390' title='bbox 676 2236 786 2263; x_wconf 89' lang='lat' dir='ltr'>sum:</span> <span class='ocrx_word' id='word_1_391' title='bbox 805 2223 828 2247; x_wconf 88' lang='lat'>*</span> <span class='ocrx_word' id='word_1_392' title='bbox 847 2226 890 2263; x_wconf 89' lang='lat' dir='ltr'>et</span> <span class='ocrx_word' id='word_1_393' title='bbox 914 2221 974 2262; x_wconf 92' lang='lat' dir='ltr'>di-</span> 
     </span>
     <span class='ocr_line' id='line_1_95' title="bbox 148 2279 835 2329; baseline 0.001 -12"><span class='ocrx_word' id='word_1_394' title='bbox 148 2279 301 2329; x_wconf 89' lang='lat' dir='ltr'>spersa</span> <span class='ocrx_word' id='word_1_395' title='bbox 320 2284 421 2320; x_wconf 91' lang='lat' dir='ltr'>sunt</span> <span class='ocrx_word' id='word_1_396' title='bbox 441 2279 587 2320; x_wconf 76' lang='lat' dir='ltr'>emnia</span> <span class='ocrx_word' id='word_1_397' title='bbox 607 2291 709 2320; x_wconf 89' lang='lat' dir='ltr'>ossa</span> <span class='ocrx_word' id='word_1_398' title='bbox 727 2291 835 2319; x_wconf 93' lang='lat' dir='ltr'>mea.</span> 
     </span>
    </p>

    <p class='ocr_par' dir='ltr' id='par_1_38' title="bbox 146 2334 974 2486">
     <span class='ocr_line' id='line_1_96' title="bbox 198 2334 974 2386; baseline 0 -12"><span class='ocrx_word' id='word_1_399' title='bbox 198 2334 382 2375; x_wconf 90' lang='lat' dir='ltr'>Factum</span> <span class='ocrx_word' id='word_1_400' title='bbox 401 2339 469 2376; x_wconf 89' lang='lat' dir='ltr'>est</span> <span class='ocrx_word' id='word_1_401' title='bbox 491 2347 568 2376; x_wconf 92' lang='lat' dir='ltr'>cor</span> <span class='ocrx_word' id='word_1_402' title='bbox 586 2347 732 2376; x_wconf 91' lang='lat' dir='ltr'>meum</span> <span class='ocrx_word' id='word_1_403' title='bbox 750 2339 974 2386; x_wconf 88' lang='lat' dir='ltr'>tamquam</span> 
     </span>
     <span class='ocr_line' id='line_1_97' title="bbox 149 2390 974 2442; baseline -0.001 -12"><span class='ocrx_word' id='word_1_404' title='bbox 149 2401 249 2430; x_wconf 89' lang='lat' dir='ltr'>cera</span> <span class='ocrx_word' id='word_1_405' title='bbox 267 2390 515 2442; x_wconf 90' lang='lat' dir='ltr'>liquescens</span> <span class='ocrx_word' id='word_1_406' title='bbox 534 2391 557 2415; x_wconf 88' lang='lat'>*</span> <span class='ocrx_word' id='word_1_407' title='bbox 577 2391 620 2431; x_wconf 93' lang='lat' dir='ltr'>in</span> <span class='ocrx_word' id='word_1_408' title='bbox 642 2390 789 2431; x_wconf 92' lang='lat' dir='ltr'>medio</span> <span class='ocrx_word' id='word_1_409' title='bbox 809 2390 974 2431; x_wconf 84' lang='lat' dir='ltr'>ventris</span> 
     </span>
     <span class='ocr_line' id='line_1_98' title="bbox 146 2458 243 2486; baseline 0.01 -1"><span class='ocrx_word' id='word_1_410' title='bbox 146 2458 243 2486; x_wconf 87' lang='lat' dir='ltr'>me1.</span> 
     </span>
    </p>

    <p class='ocr_par' dir='ltr' id='par_1_39' title="bbox 146 2502 994 2665">
     <span class='ocr_line' id='line_1_99' title="bbox 199 2502 972 2554; baseline -0.001 -12"><span class='ocrx_word' id='word_1_411' title='bbox 199 2502 328 2543; x_wconf 88' lang='lat' dir='ltr'>Aruit</span> <span class='ocrx_word' id='word_1_412' title='bbox 343 2507 569 2554; x_wconf 90' lang='lat' dir='ltr'>tamquam</span> <span class='ocrx_word' id='word_1_413' title='bbox 583 2507 699 2544; x_wconf 89' lang='lat' dir='ltr'>testa</span> <span class='ocrx_word' id='word_1_414' title='bbox 713 2502 850 2543; x_wconf 89' lang='lat' dir='ltr'>virtus</span> <span class='ocrx_word' id='word_1_415' title='bbox 865 2513 972 2550; x_wconf 87' lang='lat' dir='ltr'>mea,</span> 
     </span>
     <span class='ocr_line' id='line_1_100' title="bbox 147 2556 972 2609; baseline -0.001 -11"><span class='ocrx_word' id='word_1_416' title='bbox 147 2561 192 2598; x_wconf 89' lang='lat' dir='ltr'>et</span> <span class='ocrx_word' id='word_1_417' title='bbox 228 2557 376 2609; x_wconf 87' lang='lat' dir='ltr'>lingua</span> <span class='ocrx_word' id='word_1_418' title='bbox 415 2571 514 2599; x_wconf 89' lang='lat' dir='ltr'>mea</span> <span class='ocrx_word' id='word_1_419' title='bbox 555 2557 740 2599; x_wconf 80' lang='lat' dir='ltr'>adhaesit</span> <span class='ocrx_word' id='word_1_420' title='bbox 775 2556 972 2598; x_wconf 79' lang='lat' dir='ltr'>faucibus</span> 
     </span>
     <span class='ocr_line' id='line_1_101' title="bbox 146 2611 994 2665; baseline 0 -13"><span class='ocrx_word' id='word_1_421' title='bbox 146 2613 270 2654; x_wconf 89' lang='lat' dir='ltr'>meis:</span> <span class='ocrx_word' id='word_1_422' title='bbox 288 2615 311 2638; x_wconf 86' lang='lat'>*</span> <span class='ocrx_word' id='word_1_423' title='bbox 333 2619 376 2655; x_wconf 91' lang='lat' dir='ltr'>et</span> <span class='ocrx_word' id='word_1_424' title='bbox 403 2614 446 2654; x_wconf 94' lang='lat' dir='ltr'>in</span> <span class='ocrx_word' id='word_1_425' title='bbox 471 2613 699 2665; x_wconf 83' lang='lat' dir='ltr'>pulverem</span> <span class='ocrx_word' id='word_1_426' title='bbox 723 2613 876 2653; x_wconf 89' lang='lat' dir='ltr'>mortis</span> <span class='ocrx_word' id='word_1_427' title='bbox 901 2611 994 2652; x_wconf 84' lang='lat' dir='ltr'>de-&#39;</span> 
     </span>
    </p>

    <p class='ocr_par' dir='ltr' id='par_1_40' title="bbox 148 2667 411 2711">
     <span class='ocr_line' id='line_1_102' title="bbox 148 2667 411 2711; baseline 0.004 -3"><span class='ocrx_word' id='word_1_428' title='bbox 148 2667 312 2710; x_wconf 85' lang='lat' dir='ltr'>duxisti</span> <span class='ocrx_word' id='word_1_429' title='bbox 329 2682 411 2711; x_wconf 90' lang='lat' dir='ltr'>me.</span> 
     </span>
    </p>
   </div>
   <div class='ocr_carea' id='block_1_8' title="bbox 991 402 1920 600">
    <p class='ocr_par' dir='ltr' id='par_1_41' title="bbox 991 402 1920 600">
     <span class='ocr_line' id='line_1_103' title="bbox 1903 402 1920 465; baseline 0 -26"><span class='ocrx_word' id='word_1_430' title='bbox 1903 402 1920 465; x_wconf 95' lang='lat' dir='ltr'>  </span> 
     </span>
     <span class='ocr_line' id='line_1_104' title="bbox 1902 465 1920 554; baseline 0 -13"><span class='ocrx_word' id='word_1_431' title='bbox 1902 465 1920 554; x_wconf 95' lang='lat' dir='ltr'>    </span> 
     </span>
     <span class='ocr_line' id='line_1_105' title="bbox 991 554 1018 600; baseline 0 2292"><span class='ocrx_word' id='word_1_432' title='bbox 991 554 1018 600; x_wconf 95' lang='lat' dir='ltr'> </span> 
     </span>
    </p>
   </div>
   <div class='ocr_carea' id='block_1_9' title="bbox 991 439 1919 848">
    <p class='ocr_par' dir='ltr' id='par_1_42' title="bbox 991 439 1919 848">
     <span class='ocr_line' id='line_1_106' title="bbox 991 439 1018 494; baseline 0 0"><span class='ocrx_word' id='word_1_433' title='bbox 991 439 1018 494; x_wconf 95' lang='lat' dir='ltr'>  </span> 
     </span>
     <span class='ocr_line' id='line_1_107' title="bbox 991 494 1919 621; baseline 0 -80"><span class='ocrx_word' id='word_1_434' title='bbox 991 494 1018 554; x_wconf 95' lang='lat' dir='ltr'>   </span> <span class='ocrx_word' id='word_1_435' title='bbox 1902 554 1919 621; x_wconf 95' lang='lat' dir='ltr'>  </span> 
     </span>
     <span class='ocr_line' id='line_1_108' title="bbox 1901 621 1919 733; baseline 0 -61"><span class='ocrx_word' id='word_1_436' title='bbox 1901 621 1919 733; x_wconf 95' lang='lat' dir='ltr'>    </span> 
     </span>
     <span class='ocr_line' id='line_1_109' title="bbox 1900 733 1917 848; baseline 0 0"><span class='ocrx_word' id='word_1_437' title='bbox 1900 733 1917 848; x_wconf 95' lang='lat' dir='ltr'>     </span> 
     </span>
    </p>
   </div>
   <div class='ocr_carea' id='block_1_10' title="bbox 991 600 1916 1160">
    <p class='ocr_par' dir='ltr' id='par_1_43' title="bbox 991 600 1916 1160">
     <span class='ocr_line' id='line_1_110' title="bbox 991 600 1018 733; baseline 0 -3"><span class='ocrx_word' id='word_1_438' title='bbox 991 600 1018 733; x_wconf 95' lang='lat' dir='ltr'>     </span> 
     </span>
     <span class='ocr_line' id='line_1_111' title="bbox 991 733 1018 848; baseline 0 -24"><span class='ocrx_word' id='word_1_439' title='bbox 991 733 1018 848; x_wconf 95' lang='lat' dir='ltr'>     </span> 
     </span>
     <span class='ocr_line' id='line_1_112' title="bbox 1899 860 1916 1068; baseline 0 0"><span class='ocrx_word' id='word_1_440' title='bbox 1899 860 1916 1068; x_wconf 95' lang='lat' dir='ltr'>      </span> 
     </span>
     <span class='ocr_line' id='line_1_113' title="bbox 1899 1068 1915 1160; baseline 0 0"><span class='ocrx_word' id='word_1_441' title='bbox 1899 1068 1915 1160; x_wconf 95' lang='lat' dir='ltr'>   </span> 
     </span>
    </p>
   </div>
   <div class='ocr_carea' id='block_1_11' title="bbox 991 944 1018 1281">
    <p class='ocr_par' dir='ltr' id='par_1_44' title="bbox 991 944 1018 1281">
     <span class='ocr_line' id='line_1_114' title="bbox 991 944 1018 1068; baseline 0 -13"><span class='ocrx_word' id='word_1_442' title='bbox 991 944 1018 1068; x_wconf 95' lang='lat' dir='ltr'>     </span> 
     </span>
     <span class='ocr_line' id='line_1_115' title="bbox 991 1068 1018 1177; baseline 0 -17"><span class='ocrx_word' id='word_1_443' title='bbox 991 1068 1018 1177; x_wconf 95' lang='lat' dir='ltr'>    </span> 
     </span>
     <span class='ocr_line' id='line_1_116' title="bbox 991 1183 1018 1281; baseline 0 0"><span class='ocrx_word' id='word_1_444' title='bbox 991 1183 1018 1281; x_wconf 95' lang='lat' dir='ltr'>  </span> 
     </span>
    </p>
   </div>
   <div class='ocr_carea' id='block_1_12' title="bbox 991 1183 1915 1329">
    <p class='ocr_par' dir='ltr' id='par_1_45' title="bbox 991 1183 1915 1329">
     <span class='ocr_line' id='line_1_117' title="bbox 991 1183 1915 1292; baseline 0 0"><span class='ocrx_word' id='word_1_445' title='bbox 991 1281 1018 1292; x_wconf 95' lang='lat' dir='ltr'> </span> <span class='ocrx_word' id='word_1_446' title='bbox 1899 1183 1915 1281; x_wconf 95' lang='lat' dir='ltr'>  </span> 
     </span>
     <span class='ocr_line' id='line_1_118' title="bbox 991 1292 1018 1329; baseline 0 1563"><span class='ocrx_word' id='word_1_447' title='bbox 991 1292 1018 1329; x_wconf 95' lang='lat' dir='ltr'> </span> 
     </span>
    </p>
   </div>
   <div class='ocr_carea' id='block_1_13' title="bbox 991 1281 1915 1685">
    <p class='ocr_par' dir='ltr' id='par_1_46' title="bbox 991 1281 1915 1685">
     <span class='ocr_line' id='line_1_119' title="bbox 1898 1281 1915 1345; baseline 0 0"><span class='ocrx_word' id='word_1_448' title='bbox 1898 1281 1915 1345; x_wconf 95' lang='lat' dir='ltr'>   </span> 
     </span>
     <span class='ocr_line' id='line_1_120' title="bbox 1897 1345 1914 1402; baseline 0 -7"><span class='ocrx_word' id='word_1_449' title='bbox 1897 1345 1914 1402; x_wconf 95' lang='lat' dir='ltr'>  </span> 
     </span>
     <span class='ocr_line' id='line_1_121' title="bbox 1896 1402 1914 1517; baseline 0 0"><span class='ocrx_word' id='word_1_450' title='bbox 1896 1402 1914 1517; x_wconf 95' lang='lat' dir='ltr'>    </span> 
     </span>
     <span class='ocr_line' id='line_1_122' title="bbox 991 1585 1018 1685; baseline 0 0"><span class='ocrx_word' id='word_1_451' title='bbox 991 1585 1018 1685; x_wconf 95' lang='lat' dir='ltr'>  </span> 
     </span>
    </p>
   </div>
   <div class='ocr_carea' id='block_1_14' title="bbox 88 1329 1018 2733">
    <p class='ocr_par' dir='ltr' id='par_1_47' title="bbox 88 1329 1018 2733">
     <span class='ocr_line' id='line_1_123' title="bbox 991 1329 1018 1402; baseline 0 -4"><span class='ocrx_word' id='word_1_452' title='bbox 991 1329 1018 1402; x_wconf 95' lang='lat' dir='ltr'>   </span> 
     </span>
     <span class='ocr_line' id='line_1_124' title="bbox 991 1402 1018 1517; baseline 0 -13"><span class='ocrx_word' id='word_1_453' title='bbox 991 1402 1018 1517; x_wconf 95' lang='lat' dir='ltr'>    </span> 
     </span>
     <span class='ocr_line' id='line_1_125' title="bbox 93 1517 1018 1628; baseline 0 0"><span class='ocrx_word' id='word_1_454' title='bbox 93 1573 110 1628; x_wconf 95' lang='lat' dir='ltr'>  </span> <span class='ocrx_word' id='word_1_455' title='bbox 991 1517 1018 1585; x_wconf 95' lang='lat' dir='ltr'>   </span> 
     </span>
     <span class='ocr_line' id='line_1_126' title="bbox 93 1628 110 1778; baseline 0 -36"><span class='ocrx_word' id='word_1_456' title='bbox 93 1628 110 1778; x_wconf 95' lang='lat' dir='ltr'>   </span> 
     </span>
     <span class='ocr_line' id='line_1_127' title="bbox 92 1778 110 1906; baseline 0 0"><span class='ocrx_word' id='word_1_457' title='bbox 92 1778 110 1906; x_wconf 95' lang='lat' dir='ltr'>    </span> 
     </span>
     <span class='ocr_line' id='line_1_128' title="bbox 92 1906 109 2061; baseline 0 -39"><span class='ocrx_word' id='word_1_458' title='bbox 92 1906 109 2061; x_wconf 95' lang='lat' dir='ltr'>   </span> 
     </span>
     <span class='ocr_line' id='line_1_129' title="bbox 91 2061 108 2134; baseline 0 -54"><span class='ocrx_word' id='word_1_459' title='bbox 91 2061 108 2134; x_wconf 95' lang='lat' dir='ltr'>   </span> 
     </span>
     <span class='ocr_line' id='line_1_130' title="bbox 90 2134 108 2245; baseline 0 -56"><span class='ocrx_word' id='word_1_460' title='bbox 90 2134 108 2245; x_wconf 95' lang='lat' dir='ltr'>   </span> 
     </span>
     <span class='ocr_line' id='line_1_131' title="bbox 90 2245 108 2358; baseline -0.222 0"><span class='ocrx_word' id='word_1_461' title='bbox 90 2245 108 2358; x_wconf 95' lang='lat' dir='ltr'>   </span> 
     </span>
     <span class='ocr_line' id='line_1_132' title="bbox 90 2358 107 2509; baseline 0 -2"><span class='ocrx_word' id='word_1_462' title='bbox 90 2358 107 2509; x_wconf 95' lang='lat' dir='ltr'>    </span> 
     </span>
     <span class='ocr_line' id='line_1_133' title="bbox 88 2530 106 2733; baseline 0 -41"><span class='ocrx_word' id='word_1_463' title='bbox 88 2530 106 2733; x_wconf 95' lang='lat' dir='ltr'>   </span> 
     </span>
    </p>
   </div>
   <div class='ocr_carea' id='block_1_15' title="bbox 1891 1585 1912 1896">
    <p class='ocr_par' dir='ltr' id='par_1_48' title="bbox 1891 1585 1912 1896">
     <span class='ocr_line' id='line_1_134' title="bbox 1895 1585 1912 1628; baseline 0 1264"><span class='ocrx_word' id='word_1_464' title='bbox 1895 1585 1912 1628; x_wconf 95' lang='lat' dir='ltr'> </span> 
     </span>
     <span class='ocr_line' id='line_1_135' title="bbox 1894 1628 1911 1742; baseline 0 -15"><span class='ocrx_word' id='word_1_465' title='bbox 1894 1628 1911 1742; x_wconf 95' lang='lat' dir='ltr'>    </span> 
     </span>
     <span class='ocr_line' id='line_1_136' title="bbox 1891 1742 1910 1856; baseline 0 0"><span class='ocrx_word' id='word_1_466' title='bbox 1891 1742 1910 1856; x_wconf 95' lang='lat' dir='ltr'>    </span> 
     </span>
     <span class='ocr_line' id='line_1_137' title="bbox 1891 1856 1908 1896; baseline 0 996"><span class='ocrx_word' id='word_1_467' title='bbox 1891 1856 1908 1896; x_wconf 95' lang='lat' dir='ltr'> </span> 
     </span>
    </p>
   </div>
   <div class='ocr_carea' id='block_1_16' title="bbox 991 1685 1018 1926">
    <p class='ocr_par' dir='ltr' id='par_1_49' title="bbox 991 1685 1018 1926">
     <span class='ocr_line' id='line_1_138' title="bbox 991 1685 1018 1778; baseline 0 0"><span class='ocrx_word' id='word_1_468' title='bbox 991 1685 1018 1778; x_wconf 95' lang='lat' dir='ltr'>    </span> 
     </span>
     <span class='ocr_line' id='line_1_139' title="bbox 991 1778 1018 1856; baseline 0 -17"><span class='ocrx_word' id='word_1_469' title='bbox 991 1778 1018 1856; x_wconf 95' lang='lat' dir='ltr'>   </span> 
     </span>
     <span class='ocr_line' id='line_1_140' title="bbox 991 1856 1018 1906; baseline 0 0"><span class='ocrx_word' id='word_1_470' title='bbox 991 1856 1018 1906; x_wconf 95' lang='lat' dir='ltr'>  </span> 
     </span>
     <span class='ocr_line' id='line_1_141' title="bbox 991 1906 1018 1926; baseline 0 966"><span class='ocrx_word' id='word_1_471' title='bbox 991 1906 1018 1926; x_wconf 95' lang='lat' dir='ltr'> </span> 
     </span>
    </p>
   </div>
   <div class='ocr_carea' id='block_1_17' title="bbox 991 1896 1908 2007">
    <p class='ocr_par' dir='ltr' id='par_1_50' title="bbox 991 1896 1908 2007">
     <span class='ocr_line' id='line_1_142' title="bbox 991 1896 1908 1967; baseline 0 0"><span class='ocrx_word' id='word_1_472' title='bbox 991 1926 1018 1967; x_wconf 95' lang='lat' dir='ltr'> </span> <span class='ocrx_word' id='word_1_473' title='bbox 1890 1896 1908 1926; x_wconf 95' lang='lat' dir='ltr'>  </span> 
     </span>
     <span class='ocr_line' id='line_1_143' title="bbox 991 1967 1018 2007; baseline 0 885"><span class='ocrx_word' id='word_1_474' title='bbox 991 1967 1018 2007; x_wconf 95' lang='lat' dir='ltr'> </span> 
     </span>
    </p>
   </div>
   <div class='ocr_carea' id='block_1_18' title="bbox 991 1926 1907 2398">
    <p class='ocr_par' dir='ltr' id='par_1_51' title="bbox 991 1926 1907 2398">
     <span class='ocr_line' id='line_1_144' title="bbox 1890 1926 1907 2007; baseline 0 0"><span class='ocrx_word' id='word_1_475' title='bbox 1890 1926 1907 2007; x_wconf 95' lang='lat' dir='ltr'>  </span> 
     </span>
     <span class='ocr_line' id='line_1_145' title="bbox 1888 2007 1906 2080; baseline 0 0"><span class='ocrx_word' id='word_1_476' title='bbox 1888 2007 1906 2080; x_wconf 95' lang='lat' dir='ltr'>   </span> 
     </span>
     <span class='ocr_line' id='line_1_146' title="bbox 1886 2080 1905 2193; baseline 0 -2"><span class='ocrx_word' id='word_1_477' title='bbox 1886 2080 1905 2193; x_wconf 95' lang='lat' dir='ltr'>     </span> 
     </span>
     <span class='ocr_line' id='line_1_147' title="bbox 991 2193 1018 2302; baseline 0 -2"><span class='ocrx_word' id='word_1_478' title='bbox 991 2193 1018 2302; x_wconf 95' lang='lat' dir='ltr'>   </span> 
     </span>
     <span class='ocr_line' id='line_1_148' title="bbox 991 2302 1018 2398; baseline 0 -42"><span class='ocrx_word' id='word_1_479' title='bbox 991 2302 1018 2398; x_wconf 95' lang='lat' dir='ltr'>   </span> 
     </span>
    </p>
   </div>
   <div class='ocr_carea' id='block_1_19' title="bbox 991 2007 1904 2688">
    <p class='ocr_par' dir='ltr' id='par_1_52' title="bbox 991 2007 1904 2688">
     <span class='ocr_line' id='line_1_149' title="bbox 991 2007 1018 2080; baseline 0 0"><span class='ocrx_word' id='word_1_480' title='bbox 991 2007 1018 2080; x_wconf 95' lang='lat' dir='ltr'>   </span> 
     </span>
     <span class='ocr_line' id='line_1_150' title="bbox 991 2080 1018 2193; baseline 0 -2"><span class='ocrx_word' id='word_1_481' title='bbox 991 2080 1018 2193; x_wconf 95' lang='lat' dir='ltr'>     </span> 
     </span>
     <span class='ocr_line' id='line_1_151' title="bbox 1886 2193 1904 2302; baseline 0 -2"><span class='ocrx_word' id='word_1_482' title='bbox 1886 2193 1904 2302; x_wconf 95' lang='lat' dir='ltr'>   </span> 
     </span>
     <span class='ocr_line' id='line_1_152' title="bbox 1885 2302 1904 2412; baseline 0 -14"><span class='ocrx_word' id='word_1_483' title='bbox 1885 2302 1904 2412; x_wconf 95' lang='lat' dir='ltr'>    </span> 
     </span>
     <span class='ocr_line' id='line_1_153' title="bbox 1885 2412 1902 2468; baseline 0 0"><span class='ocrx_word' id='word_1_484' title='bbox 1885 2412 1902 2468; x_wconf 95' lang='lat' dir='ltr'>  </span> 
     </span>
     <span class='ocr_line' id='line_1_154' title="bbox 1883 2468 1902 2531; baseline -0.158 1"><span class='ocrx_word' id='word_1_485' title='bbox 1883 2468 1902 2531; x_wconf 95' lang='lat' dir='ltr'>    </span> 
     </span>
     <span class='ocr_line' id='line_1_155' title="bbox 994 2531 1900 2688; baseline 0 -68"><span class='ocrx_word' id='word_1_486' title='bbox 994 2620 1000 2688; x_wconf 95' lang='lat' dir='ltr'>  </span> <span class='ocrx_word' id='word_1_487' title='bbox 1883 2531 1900 2620; x_wconf 95' lang='lat' dir='ltr'> </span> 
     </span>
    </p>
   </div>
   <div class='ocr_carea' id='block_1_20' title="bbox 88 2398 1900 2746">
    <p class='ocr_par' dir='ltr' id='par_1_53' title="bbox 88 2398 1900 2746">
     <span class='ocr_line' id='line_1_156' title="bbox 991 2398 1018 2468; baseline 0 0"><span class='ocrx_word' id='word_1_488' title='bbox 991 2398 1018 2468; x_wconf 95' lang='lat' dir='ltr'>   </span> 
     </span>
     <span class='ocr_line' id='line_1_157' title="bbox 991 2468 1018 2531; baseline 0 -1"><span class='ocrx_word' id='word_1_489' title='bbox 991 2468 1018 2531; x_wconf 95' lang='lat' dir='ltr'>    </span> 
     </span>
     <span class='ocr_line' id='line_1_158' title="bbox 991 2531 1900 2635; baseline 0 -51"><span class='ocrx_word' id='word_1_490' title='bbox 991 2531 1018 2620; x_wconf 95' lang='lat' dir='ltr'>  </span> <span class='ocrx_word' id='word_1_491' title='bbox 1882 2620 1900 2635; x_wconf 95' lang='lat' dir='ltr'> </span> 
     </span>
     <span class='ocr_line' id='line_1_159' title="bbox 88 2635 1900 2746; baseline -0.002 -54"><span class='ocrx_word' id='word_1_492' title='bbox 88 2733 1025 2746; x_wconf 95' lang='lat' dir='ltr'> </span> <span class='ocrx_word' id='word_1_493' title='bbox 1882 2635 1900 2733; x_wconf 95' lang='lat' dir='ltr'>   </span> 
     </span>
    </p>
   </div>
   <div class='ocr_carea' id='block_1_21' title="bbox 88 2688 1898 2765">
    <p class='ocr_par' dir='ltr' id='par_1_54' title="bbox 88 2688 1898 2765">
     <span class='ocr_line' id='line_1_160' title="bbox 88 2688 1898 2765; baseline 0 0"><span class='ocrx_word' id='word_1_494' title='bbox 88 2688 1898 2765; x_wconf 95' lang='lat' dir='ltr'>   </span> <span class='ocrx_word' id='word_1_495' title='bbox 1727 2733 1898 2746; x_wconf 95' lang='lat' dir='ltr'> </span> 
     </span>
    </p>
   </div>
   <div class='ocr_carea' id='block_1_22' title="bbox 1600 2794 1639 2826">
    <p class='ocr_par' dir='ltr' id='par_1_55' title="bbox 1600 2794 1639 2826">
     <span class='ocr_line' id='line_1_161' title="bbox 1600 2794 1639 2826; baseline 0.026 -1"><span class='ocrx_word' id='word_1_496' title='bbox 1600 2794 1639 2826; x_wconf 87' lang='grc'>16</span> 
     </span>
    </p>
   </div>
   <div class='ocr_carea' id='block_1_23' title="bbox 301 2809 475 2834">
    <p class='ocr_par' dir='ltr' id='par_1_56' title="bbox 301 2809 475 2834">
     <span class='ocr_line' id='line_1_162' title="bbox 301 2809 475 2834; baseline 0 -1"><span class='ocrx_word' id='word_1_497' title='bbox 301 2809 366 2833; x_wconf 72' lang='lat' dir='ltr'>Pars</span> <span class='ocrx_word' id='word_1_498' title='bbox 381 2809 475 2834; x_wconf 73' lang='lat' dir='ltr'>Vei-na.</span> 
     </span>
    </p>
   </div>
  </div>
 </body>
</html>
