2028 2892
715 159 826 194 Feria
851 166 958 194 sexta
985 161 1033 194 ad
1059 161 1292 196 Matutinum.
1351 159 1357 163 ’

209 255 402 298 Audiam
417 255 524 308 quid
538 255 744 308 loquatur
758 257 802 298 in
817 271 886 299 me
896 258 984 299 De-

158 313 302 354 minus
326 313 464 354 Deus:
492 314 516 339 *
545 313 752 364 quoniam
779 313 985 366 loquetur

157 381 313 421 pacem
338 369 385 410 in
411 369 588 422 plebem
617 382 750 410 suam.

208 425 266 467 Et
294 438 427 479 super
460 431 636 468 sanctos
667 439 790 467 suos:
818 428 841 454 *
870 431 913 468 et
940 427 984 468 in

158 494 246 533 eos,
275 482 350 534 qui
378 486 694 524 convertuntur
722 477 779 524 ad
806 495 891 524 cor.

208 539 526 581 Verumtamen
583 552 724 592 prope
781 540 984 581 timentes

159 608 258 637 eum
282 596 475 638 salutare
502 596 657 649 ipsius:
688 598 712 624 *
744 602 792 638 ut
819 596 984 638 inhabi-

157 656 223 694 tet
249 652 391 704 gloria
417 653 462 693 in
489 657 608 694 terra
636 658 798 694 nostra.

208 709 533 763 MisericOrdia,
569 714 613 751 et
644 710 807 752 veritas
835 710 983 752 obvia-

156 767 314 808 verunt
341 765 445 808 sibi:
472 766 497 793 *
524 766 704 819 iustitia,
734 772 777 808 et
804 780 891 819 pax
917 779 983 808 os-

156 822 314 864 culatae
343 826 454 863 sunt.

206 879 384 921 Veritas
418 879 474 920 de
501 884 620 921 terra
654 885 751 922 orta
780 885 861 922 est:
889 881 913 907 *
941 884 984 921 et

155 936 320 988 justitia
348 935 404 978 de
432 936 547 978 coelo
575 937 815 990 prospexit.

206 992 384 1034 Etenim
401 993 619 1035 Deminus
641 993 764 1035 dabit
788 992 982 1044 benigni-

154 1051 306 1091 tatem:
325 1051 349 1077 *
369 1054 413 1091 et
434 1054 553 1092 terra
576 1055 729 1092 nostra
754 1050 877 1091 dabit
900 1049 983 1090 fru-

155 1110 276 1147 ctum
303 1119 440 1148 suum.

205 1162 383 1204 Justitia
415 1168 518 1205 ante
546 1176 645 1205 eum
673 1162 932 1205 ambulabit:
960 1164 983 1189 *

155 1224 199 1261 et
225 1224 363 1272 ponet
390 1220 434 1261 in
461 1221 533 1261 via
559 1233 736 1272 gressus
765 1232 880 1261 suos.

419 1288 619 1328 Psalmus
648 1289 714 1328 85.

150 1347 346 1453 Inclina
372 1359 562 1400 Demine
594 1371 746 1400 aurem
772 1365 908 1409 tuam,
941 1364 984 1400 et

234 1415 394 1456 exaudi
425 1428 511 1457 me:
543 1416 568 1443 *
602 1415 809 1467 quoniam
842 1416 983 1468 inops,

155 1477 199 1514 et
226 1484 395 1524 pauper
424 1485 522 1513 sum
549 1483 643 1523 ego.

207 1532 392 1574 Custodi
427 1533 616 1574 animam
652 1545 796 1574 meam
833 1533 982 1585 quoni-

155 1602 228 1631 am
246 1593 424 1631 sanctus
444 1603 556 1631 sum:
579 1590 603 1617 *
622 1589 792 1631 salvum
809 1589 878 1631 fac
897 1602 983 1631 ser-

156 1659 261 1688 vum
277 1650 412 1697 tuum,
431 1646 553 1688 Deus
576 1659 712 1696 meus,
733 1648 983 1698 sperantem

154 1702 199 1743 in
225 1706 281 1744 te.

207 1762 418 1805 Miserere
444 1764 532 1805 mei
549 1764 750 1814 Domine,
776 1764 983 1816 quoniam

155 1819 213 1861 ad
239 1824 284 1862 te
312 1820 497 1862 clamavi
523 1825 621 1862 tota
649 1820 734 1862 die:
758 1821 782 1847 *
807 1820 984 1862 laetifica

156 1876 346 1918 animam
373 1877 490 1919 servi
517 1877 592 1927 tui,
620 1877 828 1929 quoniam
855 1876 912 1918 ad
939 1881 983 1918 te

154 1933 344 1975 Domine
372 1934 561 1975 animam
587 1947 731 1976 meam
756 1933 910 1975 levavi.

214 1994 432 2045 Queniam
480 1999 530 2037 tu
578 1995 768 2036 Domine
821 1994 982 2043 suavis,

157 2055 200 2092 et
226 2051 359 2092 mitis:
379 2053 403 2080 *
423 2056 467 2094 et
493 2051 644 2093 multae
667 2050 982 2092 misericordiae

156 2107 360 2149 omnibus
387 2107 693 2150 invocantibus
721 2112 776 2149 te.

206 2168 402 2211 Auribus
427 2170 608 2223 percipe
636 2169 825 2210 Domine
853 2167 982 2209 orati-

156 2226 285 2266 onem
303 2239 466 2267 meam:
487 2227 511 2254 *
531 2231 575 2268 et
593 2225 772 2268 intende
791 2224 891 2266 voci
911 2223 982 2265 de-

155 2282 425 2334 precationis
452 2295 574 2324 meae.

207 2343 259 2383 In
301 2343 373 2385 die
413 2343 712 2385 tribulationis
747 2355 858 2383 meae
899 2340 982 2382 cla-

155 2400 272 2440 mavi
304 2399 362 2441 ad
387 2404 449 2441 te:
476 2401 500 2427 *
528 2400 630 2451 quia
658 2398 873 2441 exaudisti
902 2410 982 2438 me.

207 2460 310 2502 Non
339 2465 407 2502 est
432 2460 585 2502 similis
617 2461 682 2502 tui
715 2460 759 2500 in
788 2459 870 2500 diis
894 2458 981 2498 Do'-

155 2516 291 2558 mine:
323 2518 347 2544 *
376 2521 420 2559 et
447 2529 534 2558 non
564 2521 631 2558 est
664 2514 904 2558 secundum
938 2515 981 2554 ό-

157 2585 264 2624 pera
289 2578 376 2614 tua.

210 2634 374 2675 Omnes
402 2635 568 2676 Gentes
599 2636 896 2685 quascumque
923 2630 980 2672 fe-

157 2690 268 2740 cisti,
286 2691 474 2740 venient,
499 2694 543 2731 et
567 2689 811 2731 adorabunt
835 2699 983 2728 coram

1037 263 1081 300 te
1100 259 1302 300 Domine:
1330 261 1354 286 *
1381 265 1424 301 et
1450 260 1756 311 glorificabunt
1784 274 1858 302 no-

1036 328 1137 356 men
1164 320 1297 357 tuum.

1090 372 1306 421 Quoniam
1328 385 1511 424 magnus
1535 386 1581 414 es
1607 378 1665 424 tu,
1691 379 1734 415 et
1757 375 1857 416 faci-

1038 440 1114 469 ens
1140 429 1370 470 mirabilia:
1397 431 1421 455 *
1448 434 1496 470 tu
1520 442 1565 471 es
1583 430 1703 471 Deus
1729 431 1858 472 solus.

1087 484 1243 526 Deduc
1272 498 1342 527 me
1369 485 1556 526 Domine
1592 486 1635 526 in
1669 487 1739 528 via
1772 492 1857 537 tua,

1038 545 1081 582 et
1109 541 1328 592 ingrediar
1355 542 1399 582 in
1427 542 1610 584 veritate
1637 547 1725 584 tua:
1745 545 1768 571 *
1786 543 1856 585 lae-

1036 599 1153 639 tetur
1182 610 1258 639 cor
1286 611 1430 640 meum
1454 603 1503 640 ut
1522 601 1674 641 timeat
1698 613 1857 642 nomen

1036 658 1170 695 tuum.

1089 710 1342 752 Confitebor
1387 711 1467 753 tibi
1512 711 1699 753 Domine
1738 712 1856 753 Deus

1038 779 1161 808 meus
1183 767 1227 807 in
1250 772 1347 808 toto
1374 767 1509 809 corde
1532 780 1643 817 meo,
1662 770 1686 795 *
1707 773 1750 809 et
1769 769 1856 820 glo-

1036 823 1217 865 rificabo
1243 836 1403 865 nomen
1428 829 1551 865 tuum
1574 824 1618 864 in
1635 826 1857 865 aeternum:

1089 880 1201 930 Quia
1214 880 1516 922 misericordia
1530 885 1605 922 tua
1618 893 1775 932 magna
1792 885 1857 922 est

1037 949 1168 988 super
1186 949 1273 978 me:
1293 938 1317 963 *
1337 941 1380 978 et
1400 937 1551 978 eruisti
1570 937 1757 978 animam
1771 950 1855 978 me-

1037 1005 1106 1033 am
1135 1005 1188 1034 ex
1214 993 1382 1034 inferno
1410 993 1614 1034 inferiori.

1087 1049 1219 1099 Deus,
1234 1050 1371 1101 iniqui
1385 1049 1711 1091 insurrexerunt
1726 1063 1856 1102 super

1036 1119 1120 1155 me,
1150 1111 1194 1147 et
1223 1108 1446 1158 synagOga
1469 1106 1714 1159 potentium
1742 1119 1856 1158 quae-

1038 1163 1203 1204 sierunt
1236 1163 1424 1204 animam
1450 1175 1607 1204 meam:
1639 1164 1663 1190 *
1697 1168 1740 1204 et
1771 1175 1856 1204 non

1035 1221 1361 1272 proposuerunt
1381 1224 1425 1261 te
1444 1219 1488 1259 in
1508 1220 1747 1272 conspectu
1766 1232 1856 1260 suo.

1088 1276 1145 1317 Et
1178 1281 1226 1317 tu
1257 1276 1445 1317 Domine
1478 1276 1598 1317 Deus
1627 1275 1856 1316 miserator

1038 1337 1081 1373 et
1102 1332 1362 1382 misericors,
1387 1334 1410 1359 *
1433 1333 1615 1384 patiens,
1640 1336 1683 1373 et
1707 1332 1855 1372 multae

1035 1389 1361 1440 misericordiae,
1390 1393 1434 1430 et
1461 1401 1604 1430 verax.

1088 1445 1277 1498 Respice
1295 1446 1337 1486 in
1352 1458 1432 1496 me,
1448 1450 1492 1486 et
1505 1445 1712 1486 miserere
1728 1444 1855 1493 mei,*

1037 1501 1094 1543 da
1120 1502 1351 1554 imperium
1377 1506 1500 1543 tuum
1526 1504 1663 1554 puero
1691 1505 1784 1542 tuo:
1813 1505 1855 1541 et

1037 1558 1206 1599 salvum
1232 1558 1300 1600 fac
1328 1558 1466 1599 filium
1497 1557 1665 1599 ancsslae
1692 1561 1791 1598 tuae.

1087 1615 1176 1656 Fac
1207 1627 1379 1656 mecum
1412 1615 1584 1666 signum
1610 1614 1654 1654 in
1681 1613 1854 1661 bonum,

1036 1676 1084 1713 ut
1103 1671 1281 1713 videant
1302 1672 1376 1723 qui
1395 1670 1583 1712 oderunt
1600 1682 1680 1719 me,
1696 1674 1739 1711 et
1758 1681 1854 1710 con-

1035 1727 1284 1769 fundantur:
1312 1730 1336 1755 *
1362 1727 1568 1779 queniam
1594 1731 1642 1768 tu
1669 1726 1855 1767 Demine

1036 1784 1239 1836 adjuvisti
1262 1797 1342 1834 me,
1369 1789 1412 1825 et
1436 1783 1687 1825 consolatus
1712 1795 1758 1824 es
1776 1794 1855 1822 me.

1088 1859 1188 1898 Ant.
1207 1853 1479 1896 Benedixisti
1496 1852 1682 1894 Domine
1696 1857 1856 1893 terram

1036 1915 1167 1951 tuam.

1088 1974 1186 2013 Ant.
1224 1970 1526 2012 Fundamenta
1553 1970 1652 2022 ejus.

1302 2055 1500 2096 Psalmus
1528 2055 1593 2094 86.

1034 2120 1387 2225 Fundamenta
1422 2122 1511 2173 ejus
1551 2121 1595 2160 in
1633 2117 1854 2159 montibus

1139 2179 1315 2221 sanctis:
1332 2180 1356 2206 *
1376 2177 1516 2228 diligit
1530 2175 1741 2217 Deminus
1756 2186 1854 2226 por-

1036 2242 1104 2278 tas
1125 2236 1229 2277 Sion
1251 2247 1382 2287 super
1411 2232 1555 2275 omnia
1574 2228 1854 2272 tabernacula

1035 2292 1184 2334 Jacob.

1089 2348 1295 2390 Gloriosa
1323 2346 1439 2387 dicta
1465 2348 1565 2385 sunt
1592 2342 1647 2384 de
1674 2347 1729 2392 te,
1752 2344 1775 2369 *
1799 2344 1853 2383 ci-

1035 2406 1148 2446 vitas
1176 2404 1270 2445 Dei.

1087 2461 1253 2502 Memor
1287 2471 1361 2501 ero
1390 2455 1558 2507 Rahab,
1594 2460 1637 2497 et
1668 2453 1853 2507 Babylo—

1035 2519 1102 2558 nis
1117 2518 1140 2543 *
1157 2515 1384 2558 scientium
1410 2525 1491 2554 me.

1085 2574 1200 2614 Ecce
1215 2571 1477 2620 alienigenae,
1494 2572 1537 2610 et
1549 2568 1703 2620 Tyrus,
1720 2571 1763 2608 et
1777 2568 1852 2619 po-

1034 2629 1164 2682 pulus
1178 2626 1445 2678 AEthiopum,
1464 2626 1487 2652 ¹⁸¹
1506 2624 1551 2665 hi
1564 2624 1738 2664 fuerunt
1757 2621 1852 2662 illic.

1085 2682 1309 2734 Numquid
1335 2681 1440 2722 Sion
1468 2680 1599 2722 dicet:
1626 2679 1781 2729 Homo,
1810 2681 1852 2718 et
