2028 2892
740 200 852 235 Feria
879 211 910 233 v.
939 201 972 233 in
1002 201 1122 232 ‹ht-na
1151 197 1316 232 Domini.

173 297 435 348 peccatoris:
454 298 478 323 *
504 301 548 337 et
572 295 627 337 ab
652 295 903 337 hominibus
927 295 1002 335 ini-

175 353 271 404 quis
291 353 411 404 eripe
429 365 511 393 me.

226 408 310 457 Qui
361 408 666 459 cogitaverunt
718 407 1004 460 supplantare

172 476 350 513 gressus
375 476 514 505 meos:
538 464 561 489 *
584 463 912 505 absconderunt
937 475 1003 502 su-

172 519 299 571 perbi
317 519 524 572 laqueum
542 518 661 560 mihi:

225 575 282 617 Et
309 576 435 617 funes
464 574 756 617 extenderunt
786 575 830 615 in
857 574 1004 626 laque-

174 645 262 672 um:
286 632 309 656 *
335 633 454 683 juxta
480 632 563 673 iter
592 630 847 672 scandalum
874 643 1004 683 posu-

174 690 301 728 erunt
320 687 438 728 mihi.

225 744 328 784 Dixi
347 743 554 784 Domino:
582 744 704 784 Deus
727 755 852 783 meus
877 754 924 783 es
942 747 1005 783 tu:

173 799 197 824 *
217 799 378 840 exaudi
401 800 590 840 Domine
616 811 773 840 vocem
798 797 1004 850 depreca-

173 855 306 896 tionis
324 868 446 897 meae.

224 911 431 960 Domine,
466 911 654 953 Domine
682 911 820 952 virtus
852 909 1005 950 salutis

172 979 300 1008 meae:
334 969 358 994 *
389 967 665 1009 obumbrasti
702 979 834 1018 super
871 971 1006 1018 caput

172 1035 317 1064 meum
336 1023 380 1063 in
400 1023 470 1065 die
489 1022 608 1064 belli:

224 1079 293 1120 Ne
312 1079 463 1120 tradas
482 1092 553 1121 me
572 1078 762 1119 Domine
786 1090 812 1118 a
835 1076 1004 1119 deside-

174 1134 240 1175 rio
265 1148 364 1176 meo
390 1135 629 1188 peccatori:
653 1136 677 1161 *
702 1134 1006 1184 cogitaverunt

174 1195 328 1231 contra
346 1204 433 1240 me,
459 1204 513 1232 ne
534 1190 813 1242 derelinquas
837 1202 926 1239 me,
949 1202 1005 1231 ne

172 1246 286 1288 forte
306 1247 562 1289 exaltentur.

229 1302 372 1355 Caput
398 1303 605 1344 circuitus
634 1305 801 1344 eorum:
828 1302 851 1328 *
879 1301 1005 1343 labor

172 1358 389 1399 labiorum
408 1360 606 1412 ipsorum
625 1358 796 1411 operiet
815 1371 904 1400 eos.

226 1414 396 1456 Cadent
424 1428 557 1467 super
585 1428 663 1456 eos
693 1413 925 1463 carbones,
961 1414 1004 1454 in

172 1470 318 1520 ignem
352 1470 529 1522 dejicies
563 1483 654 1512 eos:
686 1471 710 1496 *
741 1470 786 1511 in
817 1469 1005 1511 miseriis

172 1538 261 1567 non
281 1526 531 1568 subsistent.

224 1581 306 1622 Vir
338 1582 564 1633 linguosus
596 1595 685 1624 non
719 1582 930 1632 dirigetur
961 1581 1003 1621 in

172 1642 306 1678 terra:
333 1638 357 1663 *
387 1639 527 1679 virum
560 1639 767 1690 injustum
794 1637 910 1678 mala
937 1639 1004 1678 ca-

173 1693 296 1744 pient
313 1693 357 1733 in
375 1694 564 1735 interitu.

226 1748 424 1800 Cognovi
445 1750 546 1801 quia
565 1749 696 1791 faciet
712 1749 928 1790 Dominus
947 1749 1005 1800 ju·

175 1804 335 1845 dicium
354 1805 515 1858 inopis:
533 1806 557 1831 *
577 1811 622 1847 et
641 1803 881 1846 vindictam
900 1808 1004 1857 pau-

174 1872 341 1912 perum.

225 1915 542 1958 Verumtamen
560 1916 662 1968 justi
681 1916 1004 1958 confitebuntur

173 1972 340 2012 nomini
366 1977 461 2014 tuo:
488 1974 511 1999 *
538 1977 582 2014 et
609 1972 870 2014 habitabunt
896 1973 1004 2014 recti

175 2040 274 2068 cum
293 2027 416 2070 vultu
436 2034 525 2070 tuo.

228 2095 326 2134 Ant.
370 2092 441 2134 Ab
478 2092 728 2135 hominibus
763 2093 923 2145 iniquis
959 2093 1004 2134 li-

174 2147 282 2189 bera
301 2161 371 2189 me
390 2148 589 2190 Domine.

229 2215 325 2254 Ant.
347 2212 531 2254 Custodi
549 2226 619 2254 me
640 2225 665 2253 a
681 2213 853 2265 laqueo,
874 2226 1004 2265 quem

175 2269 421 2309 statuerunt
435 2268 550 2318 mihi,
570 2274 613 2310 et
628 2282 653 2309 a
668 2268 886 2310 scandalis
902 2282 1004 2322 ope-

175 2323 363 2364 rantium
382 2324 667 2376 iniquitatem.

435 2408 630 2447 I'salmus
651 2410 709 2447 14(
724 2416 742 2446 J.

263 2474 406 2515 omine
439 2475 623 2516 clamavi
657 2475 713 2516 ad
745 2480 805 2524 te,
847 2477 1003 2517 exaudi

274 2542 360 2570 me:
379 2531 402 2557 *
426 2530 602 2573 intende
626 2531 726 2572 voci
749 2544 877 2581 meae,
905 2545 1002 2573 cum

177 2585 424 2627 clamavero
444 2587 499 2628 ad
518 2592 573 2628 te.

228 2641 451 2692 Dirigatur
467 2644 608 2684 oratio
623 2656 721 2685 mea
737 2643 849 2684 sicut
863 2643 1004 2683 incen-

177 2710 273 2739 sum
300 2697 343 2738 in
377 2701 619 2750 conspectu
646 2705 739 2741 tuo:
766 2700 790 2725 *
818 2699 1004 2740 elevatio

1056 296 1265 335 manuum
1295 296 1494 336 mearum
1527 293 1791 334 sacrificium
1817 306 1888 335 ve-

1057 352 1312 402 spertinum.

1107 406 1230 447 Pone
1278 406 1467 448 Domine
1521 405 1770 448 custodiam
1823 405 1891 446 ori

1056 474 1172 503 meo:
1204 463 1228 489 *
1267 467 1312 503 et
1347 463 1508 503 ostium
1546 461 1889 504 circumstantiae

1058 517 1185 559 labiis
1203 518 1325 559 meis.

1108 574 1211 615 Non
1235 572 1429 615 declines
1455 587 1532 616 cor
1556 586 1703 615 meum
1728 574 1773 614 in
1795 586 1889 614 ver-

1056 629 1114 671 ba
1132 629 1324 679 malitiae,
1343 631 1366 655 *
1386 630 1444 671 ad
1463 629 1738 671 excusandas
1761 641 1890 671 excu-

1058 686 1251 727 sationes
1269 686 1313 726 in
1332 687 1540 738 peccatis.

1111 742 1221 783 Cum
1238 741 1491 783 hominibus
1511 741 1798 794 operantibus
1813 741 1889 790 ini-

1059 798 1289 850 quitatem:
1317 798 1340 823 *
1369 803 1413 839 et
1439 810 1528 839 non
1556 796 1890 839 communicabo

1058 867 1158 895 cum
1177 853 1329 895 electis
1349 856 1512 895 eorum.

1110 909 1330 962 Corripiet
1347 923 1418 951 me
1436 910 1574 961 justus
1587 909 1633 950 in
1646 908 1891 950 misericor-

1059 965 1147 1015 dia,
1173 970 1217 1007 et
1236 965 1484 1018 increpabit
1506 978 1592 1007 me:
1610 966 1634 991 *
1655 965 1801 1006 oleum
1819 977 1891 1005 au-

1057 1027 1148 1063 tem
1172 1022 1423 1074 peccatoris
1447 1034 1537 1063 non
1559 1021 1803 1074 impinguet
1821 1033 1891 1062 ca-

1058 1083 1138 1130 put
1157 1090 1314 1119 meum.
1545 1128 1548 1129 ⁷

1107 1134 1327 1184 Quoniam
1359 1133 1504 1175 adhuc
1537 1137 1582 1174 et
1618 1133 1760 1174 oratio
1791 1145 1892 1174 mea

1057 1190 1101 1230 in
1129 1189 1418 1242 beneplacitis
1447 1192 1615 1230 eorum:
1640 1189 1665 1215 *
1691 1187 1892 1242 absorpti

1059 1251 1160 1288 sunt
1177 1245 1311 1298 juncti
1330 1250 1471 1298 petrae
1490 1245 1656 1296 judices
1676 1247 1839 1286 eorum.

1110 1301 1306 1343 Audient
1325 1301 1461 1343 verba
1477 1314 1576 1342 mea
1593 1301 1800 1353 quoniam
1814 1313 1891 1353 po-

1057 1360 1249 1399 tuerunt:
1281 1358 1304 1384 *
1337 1358 1450 1399 sicut
1481 1357 1728 1398 crassitudo
1759 1362 1892 1399 terrae

1058 1418 1217 1467 erupta
1236 1418 1304 1455 est
1323 1426 1456 1466 super
1474 1418 1650 1454 terram.

1109 1471 1337 1523 Dissipata
1355 1474 1456 1511 sunt
1476 1482 1578 1510 ossa
1594 1473 1747 1510 nostra
1763 1481 1891 1510 secus

1058 1527 1290 1568 infernum:
1320 1526 1343 1552 *
1378 1526 1480 1578 quia
1517 1525 1574 1566 ad
1609 1530 1654 1566 te
1690 1524 1891 1574 Domine,

1058 1583 1247 1624 Domine
1277 1582 1394 1624 oculi
1420 1582 1522 1623 mei:
1557 1581 1602 1622 in
1628 1586 1674 1623 te
1701 1580 1891 1634 speravi,

1058 1651 1147 1680 non
1167 1639 1340 1680 auferas
1360 1638 1548 1679 animam
1566 1650 1722 1678 meam.

1111 1694 1296 1736 Custodi
1313 1707 1385 1735 me
1408 1706 1434 1734 a
1451 1693 1629 1745 laqueo,
1655 1705 1787 1744 quem
1805 1697 1890 1733 sta-

1058 1753 1237 1793 tuerunt
1254 1750 1375 1791 mihi:
1393 1750 1418 1775 *
1438 1754 1482 1791 et
1500 1761 1526 1790 a
1549 1747 1768 1790 scandalis
1788 1760 1889 1801 ope-

1058 1807 1249 1848 rantium
1268 1805 1555 1858 iniquitatem.

1111 1862 1282 1904 Cadent
1307 1862 1353 1902 in
1380 1859 1593 1903 retiaculo
1619 1860 1710 1911 ejus
1736 1872 1890 1912 pecca-

1058 1921 1193 1960 tores:
1220 1919 1244 1944 *
1272 1917 1550 1968 singulariter
1577 1929 1675 1957 sum
1702 1928 1785 1966 ego
1814 1915 1890 1958 do-

1059 1987 1140 2016 nec
1158 1976 1390 2016 transeam.

1113 2032 1211 2072 Ant.
1235 2028 1419 2072 Custodi
1436 2041 1507 2070 me
1526 2041 1552 2069 a
1566 2027 1738 2079 laqueo,
1759 2040 1890 2080 quem

1058 2088 1305 2128 statuerunt
1318 2085 1435 2134 mihi,
1456 2089 1500 2126 et
1514 2096 1541 2125 a
1554 2083 1772 2125 scandalis
1787 2096 1889 2136 ope-

1058 2143 1247 2186 rantium
1264 2141 1552 2193 iniquitatem.

1111 2199 1210 2238 Ant.
1259 2195 1607 2239 Considerabam
1646 2195 1703 2238 ad
1740 2195 1888 2238 dexte-

1058 2267 1167 2304 ram,
1195 2259 1240 2295 et
1262 2252 1482 2301 videbam,
1511 2257 1555 2293 et
1579 2264 1668 2293 non
1695 2256 1789 2294 erat
1814 2252 1889 2304 qui

1058 2312 1348 2362 cognosceret
1366 2321 1447 2350 me.

1325 2364 1523 2403 Psalmus
1546 2365 1623 2402 141.

1060 2416 1229 2521 Voce
1247 2433 1346 2461 mea
1364 2419 1422 2461 ad
1436 2420 1674 2461 Dominum
1689 2418 1889 2460 clamavi:

1161 2477 1185 2503 *
1204 2489 1315 2518 voce
1341 2488 1441 2517 mea
1467 2475 1524 2517 ad
1548 2475 1787 2516 Dominum
1815 2473 1887 2515 de-

1057 2534 1263 2585 precatus
1283 2545 1393 2572 sum:

1108 2587 1298 2629 Effundo
1328 2588 1372 2627 in
1405 2588 1646 2638 conspectu
1674 2585 1764 2637 ejus
1793 2598 1887 2626 ora-

1058 2645 1224 2686 tionem
1250 2655 1410 2692 meam,
1437 2643 1461 2668 *
1490 2647 1534 2683 et
1560 2641 1887 2683 tribulationem

1058 2713 1201 2741 meam
1221 2704 1322 2740 ante
1340 2699 1484 2751 ipsum
1503 2697 1753 2750 pronuntio.
