2028 2892
738 206 847 240 Feriu
875 217 907 240 v.
935 206 971 239 in
998 206 1119 239 (trena
1144 205 1311 239 Domini.

168 320 242 348 sus
265 304 496 347 vivificasti
518 315 604 344 me:
624 303 648 328 *
670 307 714 343 et
742 301 796 343 de
825 300 995 352 abyssis

167 369 296 405 terrae
315 363 474 402 iterum
494 358 707 400 reduxisti
725 370 809 399 me:

219 416 519 470 Multiplicusti
542 414 909 465 magnificentiam
931 417 995 453 tu-

167 489 253 516 am:
298 474 321 499 *
368 478 412 514 et
456 473 697 513 conversus
741 469 995 511 consolatus

167 544 215 573 es
238 544 320 572 me.

218 587 333 628 Nam
365 590 410 627 et
441 597 524 635 ego
558 582 804 624 confitebor
839 581 919 623 tibi
953 581 996 621 in

166 643 283 685 vasis
300 641 459 695 psalmi
475 639 708 681 veritatem
722 643 858 679 tuam:
873 638 896 663 *
911 637 995 678 De-

167 713 220 740 us
238 698 422 751 psallam
444 696 524 737 tibi
546 696 590 736 in
609 694 792 743 cithara,
821 698 996 734 sanetus

166 755 315 797 Israel.

218 809 514 853 Exsultabunt
531 808 648 850 labia
667 819 765 848 mea
785 819 884 847 eum
899 818 996 847 can-

166 870 320 909 tavero
340 866 436 908 tibi:
454 866 477 891 *
498 870 542 906 et
561 864 704 905 anima
722 875 838 912 mea,
865 874 997 914 quam

167 923 401 965 redemisti.

218 979 306 1021 Sed
334 983 378 1020 et
402 977 549 1028 lingua
571 988 670 1017 mea
694 979 789 1016 tota
813 973 885 1014 die
909 985 996 1014 me-

168 1035 379 1077 ditabitur
419 1033 626 1085 justitiam
666 1036 802 1072 tuam:
838 1030 861 1055 *
897 1042 997 1070 cum

167 1091 337 1133 confusi
353 1095 397 1132 et
411 1089 587 1131 reveriti
601 1088 770 1136 fuerint,
791 1086 864 1138 qui
882 1098 997 1138 quae-

167 1153 269 1189 runt
285 1147 400 1188 mala
418 1146 535 1186 mihi.

221 1220 319 1260 Ant.
360 1220 481 1261 Deus
517 1231 640 1260 meus
678 1217 798 1269 eripe
834 1228 905 1257 me
942 1214 997 1256 de

167 1291 299 1319 manu
317 1275 576 1330 peccaturis.

224 1345 271 1396 ,ΐῖ
290 1350 558 1391 Ανεηέῃῒιιι·
573 1349 825 1396 reuersum,
845 1350 889 1388 et
903 1359 997 1388 eru-

167 1406 361 1448 bescant.
382 1407 432 1457 R.
448 1404 533 1455 Qui
546 1404 740 1455 cogitant
753 1402 860 1444 mihi
872 1402 998 1444 mala.

219 1473 304 1507 Hoc
330 1474 457 1507 triduo
483 1478 572 1516 post
589 1473 812 1507 Versiculos
834 1472 997 1506 Noctur-

168 1532 303 1555 norum
341 1522 481 1555 dicitur
523 1527 671 1555 secreto
708 1520 819 1557 Pater
853 1523 997 1555 noster.

168 1580 237 1603 nee
263 1570 534 1612 pronuntiatur
560 1570 608 1605 Et
631 1580 679 1605 ne
701 1580 785 1605 nos.
809 1580 879 1604 nec
905 1569 997 1603 dici-

168 1622 228 1650 tur
258 1618 485 1657 Absolutio‚
527 1629 650 1662 neque
685 1619 824 1652 duntur
856 1616 996 1651 Bencd.

170 1669 255 1698 ante
280 1665 494 1699 Lectiones.

221 1721 263 1753 ln
296 1721 369 1754 fine
399 1722 625 1756 Lectionum
657 1733 733 1756 non
768 1722 908 1755 dicitur
940 1719 1001 1754 Tu

172 1774 309 1821 autem.
338 1769 406 1802 sed
436 1771 572 1812 primae
600 1776 677 1804 tres
708 1770 911 1804 Lectiones
936 1769 997 1802 Je-

169 1825 300 1849 remiae
325 1818 577 1851 terminantur
600 1823 640 1852 ut
666 1819 774 1851 infra.

242 1884 400 1937 Incipit
426 1884 702 1926 Lamentetio
730 1885 754 1925 J
758 1887 932 1926 eremiae

464 1940 711 1993 Prophetae.

326 2012 477 2053 Lectio
498 2013 522 2052 i.

509 2082 665 2135 Aleph.

184 2142 493 2198 sfqumodo
539 2142 665 2184 sedet
711 2143 806 2184 sola
849 2144 1002 2186 civitas

317 2199 446 2251 plena
466 2199 648 2252 pupulo:
674 2199 789 2240 facta
813 2205 880 2241 est
900 2213 1001 2251 qua-

318 2256 356 2296 si
391 2255 522 2297 vidua
564 2255 741 2296 demina
779 2255 1002 2297 Gentium:

175 2312 380 2364 princeps
419 2303 746 2364 prdvinciarum
784 2311 901 2353 facta
935 2318 1003 2354 est

175 2366 256 2408 sub
275 2367 453 2409 tributo.

228 2429 354 2472 Beth.
380 2430 565 2472 Plorans
588 2431 779 2484 ploravit
800 2432 843 2472 in
862 2438 1002 2482 nocte,

177 2491 220 2527 et
251 2486 445 2528 lacrimae
481 2488 571 2538 ejus
602 2488 646 2528 in
678 2487 865 2529 maxillis
898 2489 1003 2539 ejus:

176 2554 263 2582 non
292 2548 359 2584 est
387 2543 461 2594 qui
486 2543 738 2585 consoletur
763 2556 859 2585 eam
886 2556 939 2584 ex
960 2547 1002 2585 ό-

176 2597 348 2638 mnibus
384 2599 496 2639 caris
533 2600 637 2650 ejus:
681 2612 834 2640 omnes
876 2601 1003 2641 amici

177 2653 268 2716 ejus
283 2656 546 2719 spreverunt
564 2668 678 2705 eam,
707 2661 751 2697 et
775 2655 878 2696 facti
904 2662 1004 2697 sunt

177 2720 217 2749 ei
235 2722 406 2750 munim.

691 2015 792 2066 Cap.
814 2017 842 2055 1.

1103 298 1286 340 Ghimel.
1314 299 1518 350 Migravit
1536 299 1562 340 J
1563 298 1673 340 udas
1692 303 1878 351 propter

1048 354 1347 405 afflictienem,
1374 360 1419 397 et
1441 354 1767 397 multitudinem
1791 366 1878 396 ser-

1048 410 1213 452 vitutis:
1231 411 1446 453 habitavit
1462 411 1576 454 inter
1595 411 1780 460 Gentes,
1797 423 1879 452 nec

1048 466 1213 508 invenit
1243 467 1454 519 requiem:
1492 479 1645 509 omnes
1674 478 1878 520 perseeu-

1049 524 1169 564 tores
1188 524 1279 575 ejus
1300 523 1685 576 apprehenderunt
1704 535 1800 564 eam
1819 522 1879 562 in-

1046 584 1115 620 ter
1135 580 1370 630 angustias.

1104 642 1274 685 Daleth.
1298 644 1391 684 Viae
1405 643 1509 684 Sion
1524 643 1674 694 lugent
1689 654 1743 684 eo
1759 641 1880 694 quod

1049 711 1137 739 non
1160 699 1247 741 sint
1267 700 1343 753 qui
1362 700 1539 741 veniant
1557 698 1615 740 ad
1632 698 1879 740 solemnita-

1048 760 1153 796 tem:
1176 753 1329 797 omn‘es
1352 761 1495 808 portae
1516 755 1607 807 ejus
1627 754 1880 796 destructae:

1049 811 1304 853 sacerdotes
1324 813 1415 863 ejus
1433 813 1672 863 gementes:
1690 810 1881 861 virgines

1051 868 1142 918 ejus
1181 867 1414 920 squulidae,
1453 872 1497 909 et
1531 868 1629 920 ipsa
1665 867 1881 919 oppressa

1050 923 1351 965 amaritudine.

1104 991 1181 1030 He.
1206 989 1327 1030 Facti
1346 993 1448 1030 sunt
1465 988 1618 1030 hostes
1637 988 1729 1039 ejus
1748 987 1793 1028 in
1812 989 1880 1028 cu-

1049 1045 1157 1097 pite,
1185 1045 1349 1086 inimici
1372 1046 1464 1097 ejus
1482 1043 1741 1097 locupletati
1765 1047 1881 1084 sunt:

1051 1102 1152 1153 quia
1182 1102 1398 1143 Dominus
1436 1101 1612 1142 locutus
1650 1104 1717 1142 est
1749 1111 1881 1152 super

1050 1170 1147 1198 eam
1173 1162 1356 1210 propter
1378 1156 1705 1198 multitudinem
1726 1155 1881 1208 iniqui-

1048 1215 1190 1255 tatum
1210 1215 1314 1266 ejus:
1338 1213 1511 1267 parvuli
1531 1214 1622 1265 ejus
1642 1212 1763 1254 ducti
1781 1215 1883 1253 sunt

1049 1269 1093 1366 {n
1113 1270 1430 1322 captivitatem,
1450 1274 1552 1311 ante
1572 1269 1730 1310 faciem
1746 1267 1882 1310 tribu·

1066 1326 1190 1367 antis.

1104 1391 1363 1442 Jerusalem,
1402 1390 1662 1441 Jerusalem,
1702 1390 1883 1431 conver·

1049 1452 1143 1489 tere
1163 1448 1220 1490 ad
1239 1448 1478 1490 Deminum
1498 1447 1643 1489 Deum
1660 1451 1797 1488 tuum.

1106 1516 1169 1550 Sic
1205 1517 1458 1551 terminantur
1490 1516 1694 1550 Lectiones
1730 1516 1778 1550 de
1813 1515 1884 1549 La-

1054 1565 1356 1598 mentationibus
1383 1565 1419 1597 in
1444 1564 1518 1598 hoe
1543 1564 1682 1598 triduo.

1107 1627 1157 1677 R.
1183 1624 1236 1664 In
1267 1628 1417 1666 monte
1450 1623 1616 1666 Oliveti
1649 1622 1793 1665 oravit
1824 1622 1883 1665 ad

1051 1681 1245 1722 Patrem:
1261 1680 1403 1730 Pater,
1417 1680 1455 1722 si
1465 1680 1562 1722 fieri
1570 1684 1731 1733 potest,
1743 1681 1883 1721 trans-

1053 1741 1124 1778 eat
1147 1750 1171 1778 a
1195 1749 1266 1780 me
1290 1736 1404 1778 calix
1420 1736 1519 1778 iste:
1540 1736 1563 1760 *¹
1582 1735 1772 1789 Spiritus
1792 1735 1882 1788 qui-

1053 1792 1154 1834 dem
1173 1798 1406 1846 promptus
1426 1797 1509 1843 est,
1533 1805 1637 1834 caro
1657 1796 1805 1833 autem
1822 1791 1884 1832 in·

1054 1849 1190 1890 firma.
1220 1843 1269 1895 V.
1286 1849 1489 1900 Vigilute,
1508 1853 1553 1890 et
1572 1850 1708 1898 orate,
1728 1853 1777 1890 ut
1794 1860 1884 1889 non

1052 1905 1224 1947 intretis
1242 1906 1287 1946 in
1306 1905 1606 1948 tentatienem.
1633 1904 1832 1957 Spiritus.

1204 1974 1358 2016 Lectio
1377 1974 1416 2014 ii.
1626 1972 1735 2016 Vau.

1139 2036 1369 2086 tegressus
1389 2039 1457 2076 est
1474 2047 1501 2076 a
1518 2034 1608 2075 fssia
1621 2034 1727 2075 Sion
1742 2034 1884 2075 omnis

1139 2091 1274 2132 decor
1295 2091 1400 2143 ejus:
1418 2091 1522 2132 facti
1541 2095 1642 2132 sunt
1660 2090 1884 2143 principes

1055 2148 1145 2198 ejus
1169 2147 1289 2189 velut
1317 2149 1477 2188 arietes
1502 2159 1590 2187 non
1615 2146 1885 2188 invenientes

1054 2205 1234 2255 pascua:
1267 2207 1311 2244 et
1341 2202 1542 2244 abierunt
1569 2202 1738 2255 absque
1765 2202 1884 2244 forti-

1054 2258 1207 2300 tudine
1226 2262 1326 2299 ante
1346 2258 1502 2299 faciem
1522 2258 1841 2310 subsequentis.

1106 2322 1227 2363 Za‘in.
1265 2322 1516 2364 Recordata
1548 2327 1615 2364 est
1640 2321 1885 2363 Jerusalem

1055 2378 1223 2419 dierum
1245 2378 1495 2419 afflictienis
1519 2391 1628 2428 suae,
1656 2382 1700 2419 et
1718 2389 1884 2430 praeva-

1055 2433 1277 2475 ricatic'mis
1306 2434 1500 2475 emnium
1528 2432 1886 2476 desiderabilium

1055 2492 1250 2538 suerum,
1288 2502 1387 2540 quae
1422 2489 1637 2531 habuerat
1671 2501 1696 2530 a
1729 2487 1885 2530 diebus

1055 2545 1256 2597 antiquis,
1276 2557 1375 2586 cum
1394 2545 1573 2587 caderet
1587 2543 1778 2597 pupulus
1793 2545 1886 2596 ejus

1055 2601 1099 2641 in
1118 2614 1250 2642 manu
1267 2600 1430 2651 hostili,
1457 2606 1502 2643 et
1523 2614 1612 2643 non
1631 2604 1749 2642 esset
1767 2600 1884 2641 auxi-

1055 2657 1199 2699 liator:
1222 2656 1426 2698 viderunt
1446 2670 1544 2699 eam
1562 2656 1729 2706 hostes,
1748 2660 1793 2697 et
1812 2655 1884 2698 de-

1056 2713 1245 2754 riserunt
1263 2712 1450 2755 sabbata
1470 2714 1573 2764 ejus.
