2066 2904
195 157 293 201 [104]

826 167 1035 200 Commune
1063 166 1274 208 Virginum.

247 254 303 295 Et
332 256 541 295 occursus
570 254 661 305 ejus
680 266 820 305 usque
837 253 894 295 ad
911 266 1023 295 sum-

194 323 314 351 mum
342 310 449 361 ejus:
478 310 501 335 *
530 322 611 351 nec
644 315 711 351 est
746 310 819 362 qui
853 322 900 352 se
929 309 1023 351 abs-

196 365 357 407 cendat
385 379 410 407 a
438 365 584 407 calere
613 366 714 417 ejus.

247 422 340 463 Lex
355 421 534 463 Demini
552 421 831 464 immaculata
847 424 1023 464 conver-

194 483 293 519 tens
329 478 516 519 animas:
549 479 572 504 *
603 478 902 520 testimenium
937 479 1024 519 Do-

194 534 298 575 mini
331 534 478 583 fidele‚
516 534 776 587 sapientiam
808 539 1025 587 praestans

195 589 401 642 parvulis.

246 646 435 687 Justitiae
471 646 649 687 Demini
688 651 842 696 rectae,
887 646 1025 688 laetifi-

196 704 346 744 cantes
384 702 532 743 corda:
570 702 594 728 *
630 704 903 755 praeceptum
938 703 1025 743 De—

195 759 300 799 mini
318 758 522 807 lucidum,
543 758 790 799 illuminans
811 758 974 800 Oculos.

248 814 402 856 Timor
427 814 605 855 Domini
633 819 824 864 sanctus,
858 816 1026 867 perma-

195 883 304 911 nens
332 870 376 911 in
404 870 614 911 saeculum
642 870 807 912 saeculi:
826 871 850 897 *
869 870 1028 923 judicia

195 926 373 967 Domini
400 939 521 976 vera,
549 926 783 978 justificata
804 927 849 968 in
872 931 1027 969 semet-

196 995 304 1035 ipsa.

249 1038 571 1080 Desiderabilia
614 1052 746 1092 super
787 1046 941 1080 aurum
985 1044 1028 1081 et

196 1094 391 1147 lapidem
423 1096 666 1147 pretiosum
698 1095 898 1137 multum:
926 1097 949 1121 *
985 1100 1029 1137 et

199 1151 398 1192 dulciora
426 1164 559 1203 super
585 1151 672 1193 mel
702 1157 745 1193 et
767 1152 925 1193 favum.

251 1207 425 1249 Etenim
452 1220 605 1248 servus
632 1213 733 1249 tuus
754 1208 947 1250 cust6dit
967 1221 1029 1258 ea,

198 1264 222 1289 *
254 1263 299 1303 in
340 1263 638 1306 custodiendis
675 1264 762 1305 illis
800 1264 1029 1306 retributio

199 1319 347 1360 multa.

250 1375 424 1417 Delicta
463 1376 561 1428 quis
598 1374 820 1427 intelligit?
865 1376 920 1418 ab
960 1389 1029 1418 oc-

201 1431 329 1473 cultis
368 1432 478 1473 meis
511 1432 674 1474 munda
710 1445 798 1474 me:
835 1433 858 1459 *
895 1437 939 1474 et
975 1432 1030 1474 ab

200 1488 351 1529 alienis
378 1501 512 1541 parce
541 1502 670 1531 servo
696 1494 784 1531 tuo.

251 1545 296 1586 Si
341 1545 427 1586 mei
468 1546 557 1587 nOn
598 1545 759 1587 fuerint
802 1545 1030 1595 dominati,

199 1607 304 1643 tunc
331 1601 636 1643 immaculatus
665 1614 758 1643 ero:
777 1603 801 1629 *
822 1606 865 1643 et
885 1614 1030 1643 emun-

201 1657 342 1698 dabor
370 1670 395 1698 a
423 1657 587 1699 delicto
615 1658 819 1699 maximo.

252 1714 309 1754 Et
350 1718 476 1755 erunt
516 1718 565 1756 ut
605 1714 909 1766 complaceant
945 1714 1031 1755 ele-

202 1770 303 1821 quia
332 1770 420 1811 oris
446 1770 548 1811 mei:
567 1771 591 1797 *
611 1775 654 1811 et
681 1769 910 1811 meditatio
939 1782 1031 1811 cor-

201 1825 268 1866 dis
295 1826 382 1867 mei
408 1826 452 1867 in
480 1828 721 1878 conspectu
747 1831 824 1867 tuo
846 1838 1033 1878 semper.

252 1881 440 1924 Domine
469 1883 642 1934 adjutor
668 1895 804 1932 meus⁷
823 1883 847 1910 *
869 1887 913 1924 et
936 1882 1031 1924 red-

201 1940 377 1991 emptor
402 1951 538 1981 meus.

252 1997 350 2036 Ant.
381 1996 496 2037 Ante
515 2000 667 2036 torum
690 1994 816 2047 hujus
835 1995 1032 2046 Virginis

200 2051 477 2103 frequentate
511 2051 641 2093 nobis
679 2050 826 2093 dulcia
863 2051 1031 2093 cantica

201 2106 423 2149 dramatis.

253 2166 350 2205 Ant.
387 2165 637 2213 Revertere‚
660 2163 684 2190 *
710 2164 932 2205 revertere
957 2164 1031 2206 Su-

201 2220 390 2261 namitis:
433 2222 672 2270 revertere,
708 2221 947 2270 revertere,
984 2226 1032 2262 ut

202 2275 448 2317 intueamur
467 2280 521 2318 te.

475 2332 673 2372 Psalrnus
693 2334 757 2373 23.

290 2388 422 2428 omini
455 2392 523 2430 est
554 2392 687 2438 terra,
726 2392 770 2429 et
802 2387 1031 2440 plenitudo

306 2444 410 2494 ejus:
433 2444 456 2470 *
481 2443 600 2486 orbis
620 2446 853 2494 terrarum,
880 2449 923 2486 et
942 2446 1031 2486 uni·

203 2499 319 2539 versi
338 2500 411 2551 qui
430 2500 629 2542 habitant
647 2500 691 2541 in
711 2512 776 2542 eo.

256 2554 366 2603 Quia
392 2555 486 2607 ipse
516 2569 647 2609 super
672 2556 809 2597 maria
834 2556 1032 2598 fundavit

204 2622 318 2651 eum:
337 2610 360 2636 *
381 2617 424 2653 et
452 2624 584 2664 super
609 2612 787 2654 flumina
811 2615 1031 2665 praepara-

204 2665 266 2707 vit
285 2678 394 2707 eum.

1131 253 1238 303 Quis
1271 253 1480 295 ascendet
1517 254 1560 294 in
1593 258 1790 296 montem
1819 255 1908 296 De-

1078 307 1204 350 mini?
1224 310 1248 335 *
1267 314 1342 351 aut
1363 310 1459 362 quis
1479 309 1613 352 stabit
1631 311 1675 351 in
1693 310 1794 352 loco
1813 323 1908 352 san-

1079 370 1152 407 cto
1173 363 1287 417 ejus?

1131 422 1348 463 Innocens
1398 421 1600 463 manibus
1651 427 1695 464 et
1744 422 1909 464 mundo

1079 477 1229 527 corde,
1257 478 1281 504 *
1310 477 1384 530 qui
1411 490 1500 520 non
1524 479 1695 531 accepit
1722 479 1767 519 in
1794 490 1909 520 vano

1081 534 1269 575 animam
1289 546 1428 583 suam,
1452 546 1534 575 nec
1558 534 1716 586 juravit
1737 534 1781 575 in
1806 534 1910 576 dolo

1080 589 1283 642 preximo
1305 602 1396 631 suo.

1131 646 1216 687 Hic
1257 646 1445 698 accipiet
1487 645 1842 687 benedictionem
1886 658 1912 687 a

1079 702 1287 742 Demino:
1302 702 1325 727 *
1342 706 1386 743 et
1403 701 1751 743 misericerdiam
1769 714 1796 743 a
1813 702 1912 743 Deo

1081 757 1263 799 salutari
1283 770 1374 809 suo‚

1132 814 1243 854 Haec
1272 818 1339 855 est
1366 814 1593 864 generatio
1624 813 1914 866 quaerentium

1082 881 1198 918 eum,
1234 870 1258 895 *
1297 869 1586 921 quaerentium
1635 869 1794 911 faciem
1829 869 1914 911 Dei

1081 924 1231 967 Jacob.
1645 947 1647 950 <

1134 981 1340 1023 Attellite
1385 986 1539 1033 portas
1584 981 1807 1034 principes
1843 994 1914 1023 ve-

1083 1041 1214 1086 stras,
1243 1042 1288 1079 et
1313 1036 1543 1079 elevamini
1567 1042 1711 1090 portae
1731 1039 1914 1079 aeterna-

1082 1093 1160 1135 les:
1179 1094 1203 1119 *
1224 1098 1268 1134 et
1285 1092 1484 1135 introibit
1503 1093 1601 1134 Rex
1620 1093 1784 1144 gloriae.

1135 1150 1242 1199 Quis
1269 1154 1336 1191 est
1356 1149 1440 1191 iste
1459 1150 1557 1190 Rex
1575 1148 1752 1200 gloriae?
1776 1150 1800 1175 *
1826 1150 1915 1190 Do-

1082 1205 1224 1247 minus
1256 1205 1383 1247 fortis
1417 1210 1461 1247 et
1492 1210 1667 1257 potens:
1698 1206 1915 1247 Deminus

1083 1266 1243 1314 potens
1261 1261 1306 1301 in
1323 1260 1490 1314 praelio.

1136 1317 1341 1359 AttoHite
1385 1322 1540 1369 portas
1585 1317 1809 1370 principes
1845 1330 1916 1359 ve·

1084 1378 1214 1423 stras,
1244 1378 1287 1415 et
1312 1372 1543 1415 elevamini
1564 1378 1709 1425 portae
1733 1375 1917 1415 aeterna-

1083 1429 1162 1471 les:
1181 1430 1205 1456 *
1224 1434 1268 1471 et
1287 1428 1486 1471 introibit
1505 1429 1604 1471 Rex
1621 1428 1785 1480 gleriae.

1138 1485 1245 1536 Quis
1271 1490 1339 1527 est
1362 1485 1446 1526 iste
1465 1485 1563 1527 Rex
1590 1483 1766 1536 gleriae?
1786 1486 1810 1511 *
1828 1485 1917 1526 De-

1083 1541 1226 1583 minus
1250 1541 1463 1583 virtutum
1490 1541 1586 1594 ipse
1614 1546 1682 1583 est
1705 1542 1804 1583 Rex
1826 1541 1916 1593 gle-

1084 1610 1173 1639 nae.

1136 1660 1235 1700 Ant.
1262 1659 1519 1708 Revertere‚
1544 1660 1766 1700 revertere
1785 1658 1918 1700 Suna-

1084 1714 1217 1755 mitis:
1248 1714 1486 1764 revertere,
1513 1715 1752 1764 revertere,
1781 1718 1831 1756 ut
1856 1715 1917 1755 in-

1083 1772 1285 1812 tueamur
1304 1775 1367 1811 te:

1135 1827 1186 1879 V.
1219 1830 1376 1883 Specie
1408 1834 1486 1871 tua
1518 1834 1562 1872 et
1589 1830 1918 1883 pulchritudine

1084 1891 1172 1929 tua.
1194 1888 1244 1939 R.
1263 1886 1460 1936 Intende,
1479 1888 1695 1939 prospere
1710 1886 1918 1940 procede,

1085 1947 1130 1986 et
1147 1955 1294 1994 regna.

1138 2004 1268 2046 Pater
1287 2008 1449 2045 noster.

1136 2063 1383 2105 Absolutio.
1411 2062 1587 2104 Exaudi
1610 2064 1810 2106 Demine.

1137 2121 1187 2172 V.
1214 2124 1240 2165 J
1242 2124 1328 2166 ube
1357 2123 1529 2165 domne.

1139 2184 1300 2226 Bened.
1322 2183 1640 2226 Benedictiene
1658 2186 1884 2237 perpetua.

1128 2258 1196 2298 De
1218 2257 1421 2310 Epistola
1444 2256 1585 2309 prima
1607 2256 1728 2298 beati
1749 2257 1874 2299 Pauli

1217 2312 1426 2366 Apostoli
1445 2312 1503 2354 ad
1522 2312 1786 2354 Corinthios.

1189 2383 1342 2424 Lectio
1363 2383 1386 2422 i.
1607 2382 1710 2434 Cap.
1725 2382 1761 2422 7.
1777 2393 1812 2422 e.

1121 2456 1241 2509 «Ἠ
1265 2442 1506 2494 virginibus
1530 2444 1806 2495 praeceptum
1829 2442 1917 2484 Do-

1098 2517 1185 2545 s
1206 2507 1210 2542 ,ὲ
1233 2499 1339 2539 mini
1369 2510 1457 2539 non
1488 2497 1648 2539 habeo:
1687 2498 1917 2539 consilium

1097 2547 1146 2580 ’Ᾰὲ
1159 2547 1211 2580 A
1233 2559 1380 2596 autem
1407 2553 1482 2603 do,
1509 2558 1734 2606 tamquam
1751 2554 1917 2595 miseri-

1085 2611 1282 2653 cerdiam
1310 2613 1573 2652 consecutus
1601 2622 1627 2651 a
1651 2610 1844 2651 Demino
1869 2615 1918 2651 ut

1084 2668 1166 2709 sim
1186 2667 1339 2710 fidelis.
1371 2667 1585 2708 Existimo
1609 2679 1714 2718 ergo
1738 2666 1824 2708 hoc
1841 2666 1918 2708 bo-
