2028 2892
744 207 850 240 Furia
876 205 985 239 tertia
1013 202 1060 236 ud
1088 200 1324 235 Matutinum.

243 310 287 351 Si
322 311 531 356 esuriero,
567 319 654 347 non
693 304 835 345 dicam
865 301 958 343 tibi:
986 302 1009 327 *

191 378 312 406 meus
333 370 399 406 est
418 363 531 405 enim
552 362 670 404 orbis
690 366 840 409 terrae,
860 363 903 400 et
922 357 1009 410 ple-

191 421 343 463 nitudo
364 421 465 472 ejus.

242 475 464 529 Numquid
525 472 799 516 manducabo
859 482 1010 512 carnes

191 532 437 575 taurOrum?
456 534 482 559 *
499 536 573 573 aut
601 529 854 580 sanguinem
873 526 1010 567 hirco-

193 603 286 630 rum
304 588 494 641 potabo?

244 645 381 686 Imola
399 645 496 686 Deo
525 642 784 690 sacrificium
810 639 969 681 laudis:
989 640 1011 664 *

194 707 236 743 et
256 701 391 742 redde
412 700 637 742 Altissimo
656 704 758 740 vota
778 703 863 739 tua.

245 758 300 798 Et
338 759 491 798 invoca
530 768 600 796 me
644 755 688 795 in
729 754 799 795 die
837 751 1012 794 tribula-

193 814 337 855 tionis:
364 815 387 840 *
416 815 562 854 eruam
594 817 652 860 te,
686 816 728 852 et
757 808 1012 851 honorifica-

194 869 262 911 bis
288 882 368 911 me.

245 926 472 967 Peccatori
505 930 649 966 autem
683 922 791 963 dixit
822 922 961 963 Deus:
991 923 1013 947 *

196 983 338 1032 Quare
357 987 404 1023 tu
424 983 600 1022 enarras
620 978 801 1030 justitias
820 991 951 1027 meaS,
971 982 1014 1018 et

195 1038 379 1079 assumis
412 1038 719 1079 testamentum
754 1048 899 1076 meum
935 1046 1014 1086 per

197 1096 247 1136 os
266 1093 411 1136 tuum?

247 1150 315 1191 Tu
336 1163 441 1191 vero
462 1149 592 1191 odisti
618 1147 905 1200 disciplinam:
925 1148 947 1173 *
972 1151 1015 1187 et

196 1207 416 1260 projecisti
448 1207 670 1247 sermones
702 1216 824 1245 meos
858 1205 1014 1244 retror-

198 1277 309 1304 sum:

249 1319 292 1361 Si
312 1318 490 1360 videbas
514 1318 668 1366 furem,
693 1315 899 1358 currebas
917 1329 1015 1357 cum

198 1388 269 1417 eo:
289 1378 312 1401 *
338 1380 380 1416 et
408 1387 505 1416 cum
533 1373 741 1415 adulteris
769 1373 1014 1425 portionem

197 1431 315 1473 tu'am
335 1430 540 1484 ponebas.

249 1488 310 1529 Os
334 1493 455 1529 tuum
479 1486 715 1528 abundavit
731 1486 911 1527 malitia:
929 1487 952 1512 *
973 1490 1016 1526 et

197 1545 340 1595 lingua
357 1550 431 1585 tua
451 1542 738 1585 concinnabat
757 1542 894 1584 dolos.

249 1599 413 1642 Sedens
445 1599 653 1641 adversus
684 1599 860 1640 fratrem
894 1605 1016 1641 tuum

198 1656 464 1708 loquebaris,
486 1661 529 1697 et
548 1655 757 1697 adversus
778 1655 912 1696 filium
930 1669 1016 1697 ma-

199 1713 277 1754 tris
291 1718 378 1754 tuae
392 1711 587 1764 ponebas
603 1711 854 1753 scandalum
865 1728 873 1751 :
884 1713 907 1738 *
921 1711 1017 1753 haec

201 1768 350 1817 fecisti,
370 1774 413 1809 et
431 1768 556 1809 tacui.

252 1824 519 1866 Existimasti
542 1824 687 1876 inique
713 1823 831 1876 quod
855 1837 930 1865 ero
954 1824 1015 1866 tui

201 1880 368 1922 similis:
391 1882 414 1907 *
449 1882 627 1931 arguam
658 1885 722 1929 te,
756 1886 799 1921 et
830 1882 1017 1922 statuam

202 1942 352 1978 contra
374 1936 527 1978 faciem
545 1942 674 1977 tuam.

252 1991 484 2043 Intelligite
508 1992 603 2034 haec
627 1993 698 2044 qui
718 1992 1016 2034 obliviscimini

201 2049 361 2090 Deum:
379 2050 402 2075 *
428 2048 660 2101 nequando
685 2048 841 2101 rapiat,
865 2054 908 2090 et
933 2062 1019 2089 non

203 2105 258 2147 sit
277 2105 350 2157 qui
371 2105 535 2157 eripiat.

253 2161 519 2202 Sacrificium
548 2160 687 2202 laudis
716 2160 1021 2203 honorificabit

204 2230 292 2258 me:
313 2219 336 2243 *
365 2222 407 2258 et
434 2216 521 2258 illic
549 2217 650 2266 iter,
680 2230 766 2269 quo
795 2217 1021 2259 ostendam

205 2272 266 2313 illi
286 2273 474 2315 salutare
495 2273 588 2314 Dei.

475 2351 670 2391 Psalmus
699 2352 756 2391 51.

206 2412 359 2535 Quid
395 2431 595 2484 gloriaris
623 2433 665 2474 in
693 2433 872 2482 malitia,
900 2436 923 2460 *
952 2434 1025 2486 qui

319 2495 474 2542 potens
494 2502 540 2531 es
559 2490 601 2530 in
620 2489 871 2542 iniquitate?

258 2550 372 2591 Tota
416 2549 486 2591 die
531 2550 779 2601 injustitiam
819 2550 1025 2599 cogitavit

208 2605 351 2655 lingua
372 2611 464 2647 tua:
484 2608 506 2631 *
527 2606 636 2647 sicut
661 2605 875 2647 novacula
899 2609 1026 2648 acuta

209 2661 347 2702 fecisti
366 2661 525 2702 dolum.

260 2721 460 2762 Dilexisti
474 2721 679 2763 malitiam
695 2736 826 2775 super
836 2722 1026 2774 benigni-

1060 300 1215 341 tatem:
1238 299 1262 325 *
1289 295 1564 348 iniquitatem
1590 292 1729 343 magis
1759 302 1891 343 quam

1062 355 1181 407 loqui
1212 353 1475 406 aequitatem.

1113 410 1317 452 Dilexisti
1350 408 1494 450 omnia
1525 405 1660 448 verba
1690 403 1890 458 praecipi-

1061 467 1249 516 tationis,
1269 468 1292 493 *
1310 465 1457 516 lingua
1475 462 1642 505 dolosa.

1114 524 1356 576 Propterea
1384 521 1506 562 Deus
1540 518 1738 560 destruet
1769 522 1814 559 te
1846 516 1891 558 in

1064 581 1205 629 finem,
1224 581 1248 606 *
1268 577 1426 620 evellet
1449 582 1503 625 te,
1532 580 1576 617 et
1595 572 1827 625 emigrabit
1846 577 1891 615 te

1064 636 1119 678 de
1159 633 1444 678 tabernaculo
1481 638 1577 674 tuo:
1617 636 1661 673 et
1697 629 1891 672 radicem

1047 690 1182 734 'tuam
1203 691 1258 733 de
1283 697 1401 733 terra
1419 689 1666 730 viventium.

1117 748 1342 790 Videbunt
1370 746 1487 798 justi,
1516 750 1559 787 et
1586 743 1820 793 timebunt,
1847 747 1893 784 et

1065 818 1196 858 super
1226 817 1325 846 eum
1353 802 1574 852 ridebunt,
1603 806 1647 843 et
1674 800 1839 843 dicent:
1867 801 1892 827 ²⁸¹

1064 863 1179 903 Ecce
1202 861 1355 910 homo,
1376 859 1450 911 qui
1473 871 1561 900 non
1579 857 1728 911 posuit
1747 857 1892 898 Deum

1065 918 1307 969 adjutorem
1327 929 1470 958 suum:

1117 974 1203 1016 Sed
1232 973 1426 1026 speravit
1453 972 1497 1013 in
1524 970 1802 1013 multitudine
1831 969 1892 1011 di-

1066 1032 1267 1073 vitiarum
1287 1032 1480 1071 suarum:
1493 1030 1517 1056 *
1536 1033 1579 1070 et
1597 1027 1831 1082 praevaluit
1847 1026 1892 1068 in

1065 1088 1256 1129 vanitate
1277 1100 1366 1128 sua.

1116 1145 1211 1195 Ego
1231 1148 1387 1193 autem,
1405 1143 1516 1184 sicut
1536 1141 1653 1184 oliva
1670 1139 1894 1182 fructifera

1065 1201 1109 1241 in
1135 1200 1268 1242 domo
1287 1200 1386 1250 Dei,
1405 1201 1429 1227 *
1457 1198 1634 1252 speravi
1661 1198 1706 1239 in
1727 1196 1892 1239 miseri-

1067 1257 1217 1299 cerdia
1234 1257 1318 1298 Dei
1346 1257 1390 1297 in
1416 1258 1646 1297 aetemum:
1674 1259 1719 1297 et
1744 1254 1790 1296 in
1814 1255 1893 1295 sae-

1067 1313 1213 1355 culum
1232 1313 1392 1354 saeculi.

1120 1369 1374 1411 Confitebor
1393 1369 1473 1411 tibi
1492 1369 1537 1410 in
1555 1367 1776 1418 saeculum,
1793 1366 1895 1420 quia

1067 1427 1226 1468 fecisti:
1260 1428 1284 1453 *
1328 1431 1372 1468 et
1417 1424 1688 1479 exspectabo
1733 1436 1895 1466 nomen

1065 1488 1198 1533 tuum,
1225 1483 1430 1535 queniam
1449 1482 1616 1524 bonum
1642 1485 1710 1524 est
1730 1481 1775 1522 in
1794 1493 1895 1522 con-

1067 1541 1220 1592 spectu
1240 1541 1491 1581 sanctorum
1507 1541 1696 1581 tuarum.

1124 1598 1220 1638 Ant.
1243 1598 1366 1638 Deus
1391 1595 1577 1638 deorum
1594 1594 1810 1637 Dominus
1833 1593 1895 1635 lo-

1068 1655 1194 1693 cutus
1216 1657 1292 1693 est.

1125 1710 1172 1749 In
1203 1710 1468 1759 Quadrages.
1504 1704 1553 1757 V.
1578 1707 1779 1761 Scapulis
1807 1706 1896 1748 suis

1070 1765 1349 1807 obumbrabit
1367 1765 1456 1807 tibi.
1492 1768 1542 1807 R·.
1564 1765 1622 1806 Et
1642 1763 1723 1806 sub
1741 1764 1897 1818 pennis

1069 1823 1159 1873 eius
1189 1821 1396 1875 sperabis.

1123 1880 1343 1931 Tempore
1376 1880 1608 1922 Passionis.
1643 1872 1693 1925 ,Ψῖ
1719 1878 1788 1920 De
1822 1890 1899 1919 ore

1069 1933 1208 1975 leonis
1231 1934 1370 1976 libera
1397 1948 1468 1977 me
1486 1935 1687 1977 Demine.
1720 1935 1771 1986 Rz.
1792 1934 1850 1975 Et
1874 1946 1901 1975 a

1071 1991 1276 2033 cornibus
1303 1992 1577 2034 unicornium
1610 1990 1900 2033 humilitatem

1071 2060 1223 2089 meam.

1124 2106 1343 2157 Tempore
1362 2105 1571 2147 Paschali.
1587 2106 1686 2146 Ant.
1703 2103 1901 2157 Alleluia,

1073 2160 1255 2212 alleluja,
1275 2161 1458 2214 alleluja.

1128 2214 1177 2264 Ψ
1201 2218 1397 2260 Surrexit
1419 2219 1636 2260 Deminus
1662 2230 1778 2268 vere,
1801 2215 1901 2258 alle-

1074 2272 1169 2324 luja.
1199 2275 1247 2327 R».
1275 2274 1331 2315 Et
1358 2275 1563 2328 apparuit
1585 2274 1763 2324 Simbni,
1791 2272 1903 2314 allel.

1127 2332 1211 2371 Pro
1234 2344 1319 2371 uno
1341 2333 1409 2371 vel
1428 2332 1595 2383 plurim.
1611 2332 1735 2373 Mart.
1750 2331 1902 2382 Temp.

1076 2387 1226 2428 Pasch.
1269 2382 1318 2433 ,Ψῖ
1357 2387 1454 2428 Lux
1492 2389 1706 2441 perpetua
1740 2384 1904 2428 lucebit

1077 2443 1237 2484 sanctis
1254 2444 1340 2484 tuis
1355 2444 1553 2490 Demine,
1569 2444 1752 2496 alleluja.
1782 2444 1831 2496 R.
1849 2442 1906 2483 Et

1078 2499 1298 2540 :eternitas
1316 2502 1575 2553 temporum,
1594 2501 1778 2553 alleluja.

1097 2556 1213 2616 xPro
1251 2556 1371 2596 Conf.
1405 2556 1527 2597 Pont.
1564 2558 1716 2610 Temp.
1753 2557 1904 2599 Pasch.

1081 2611 1127 2656 λ’.
1159 2612 1303 2663 Elegit
1337 2625 1436 2653 eum
1462 2613 1677 2654 Dominus
1705 2611 1906 2655 sacerde-

1078 2672 1167 2709 tem
1187 2668 1279 2718 sibi,
1295 2668 1476 2720 alleluja.
1503 2671 1552 2721 R.
1574 2669 1647 2710 Ad
1663 2669 1906 2711 sacrifican-

1080 2723 1183 2765 dum
1203 2725 1243 2766 ei
1263 2725 1450 2766 hestiam
1470 2724 1627 2775 laudis,
1646 2725 1830 2778 alleluja.
