2066 2956
438 217 509 251 Die
526 217 567 253 3..
585 217 615 250 7.
634 222 669 251 et
685 218 718 251 8.
735 218 851 251 Junii.
868 236 880 241 -
899 218 946 251 12.
972 218 1006 252 S.
1024 218 1164 252 Leonis
1184 219 1245 253 ΙΙΙ.
1266 220 1381 262 I‘apze
1400 226 1435 254 et
1453 221 1557 255 Mart,

156 314 367 356 Ecclesiae
395 326 503 366 opes
531 312 588 354 ad
614 312 850 354 nobiliores
876 326 981 354 usus

157 370 369 424 applicari
382 382 471 411 non
483 382 628 422 posse,
647 373 691 410 et
710 381 764 410 ex
781 369 980 410 menibus

157 426 443 479 indigentium
486 425 543 467 ad
579 425 838 467 aetemitetis
876 428 979 466 aera-

156 483 283 533 rium,
325 495 424 525 cum
466 481 709 524 incredibili
744 481 980 534 spiritualis

156 541 300 580 usurae
319 538 456 588 luero,
475 543 596 580 recta
614 537 796 579 traduci.
823 538 980 579 Trans·
1051 584 1054 585 ⁷
1074 547 1118 576 ‘4132

157 595 267 637 actis
287 595 463 637 demum
482 594 656 637 duobus
677 595 814 644 annis,
839 600 883 636 et
907 607 980 636 no-

155 664 255 694 vem
291 651 400 695 fere.
416 651 655 701 mensibus,
707 657 858 693 sancto
895 651 980 692 fine

157 708 330 762 quievit,
349 721 462 750 anno
483 708 643 750 Christi
662 708 980 750 sexcentesimo

157 765 516 818 quinquagesimo
534 765 696 817 quinto,
718 770 762 806 et
780 766 871 818 ejus
890 777 981 807 cor-

155 835 240 876 pus
263 822 307 863 in
327 821 509 864 basilica
534 822 673 864 sancti
690 822 809 863 Petri
832 823 981 863 recon-

157 878 296 920 ditum
316 878 405 920 fuit.

211 947 261 999 R'·
283 944 374 986 Iste
393 948 460 985 est
480 944 564 996 qui.

211 1016 255 1051 In
278 1016 342 1050 ΠΙ.
367 1015 758 1049 Nocturno‘llomilia
783 1015 819 1047 in
837 1014 980 1057 Evang.

159 1065 284 1099 Homo
300 1063 470 1107 peregre.
495 1064 540 1098 de
563 1064 698 1098 eodem
716 1063 820 1097 Com.
842 1063 867 1096 l.
884 1063 980 1097 loeo.

426 1166 511 1207 Die
529 1166 567 1206 3.
586 1165 610 1206 J
612 1164 711 1206 unii.

160 1245 203 1286 S.
218 1243 395 1286 Mariae
412 1242 725 1294 Magdalenae
740 1241 801 1282 de
812 1240 985 1282 Pazzis

468 1299 671 1350 Virginis.

489 1373 653 1417 Duplex.

211 1437 348 1472 Omnia
372 1443 412 1473 ut
436 1438 474 1472 in
496 1439 699 1473 Breviario
726 1438 787 1472 die
811 1438 980 1479 27.M·.111·.

430 1540 514 1581 Die
533 1540 570 1581 7.
588 1539 613 1580 J
614 1540 712 1581 unu

223 1618 266 1659 S.
286 1617 557 1668 Augustini
575 1616 718 1668 Episc.
740 1622 783 1657 et
804 1617 922 1657 Conf.

386 1689 550 1732 Duplex.
577 1689 636 1733 (m.
660 1692 684 1723 t.
708 1687 757 1730 v.)

211 1751 347 1787 Omnia
371 1757 412 1787 ut
437 1754 476 1787 in
495 1753 697 1788 Breviario
724 1754 785 1788 die
809 1754 863 1788 28.
882 1754 982 1796 Maii.

427 1863 510 1905 Die
529 1863 567 1902 8.
585 1863 610 1903 J
613 1861 712 1903 unii.

223 1939 266 1981 S.
284 1939 590 1981 Fordinandi
611 1939 718 1988 Reg.
738 1944 781 1980 et
802 1939 923 1979 Conf.

340 2010 599 2054 Semiduplex.
623 2010 682 2063 (m.
706 2013 731 2059 t.
755 2008 803 2051 v.)

211 2066 347 2101 Omnia
378 2072 418 2102 ut
443 2068 540 2102 inter
564 2068 662 2102 festa
691 2079 762 2111 pro
788 2068 983 2112 aliquibus

159 2114 255 2149 locis
281 2115 342 2149 die
366 2116 426 2150 30.
451 2115 552 2158 Maji.

420 2224 504 2265 Die
523 2225 581 2264 12.
599 2223 725 2264 Junii.

218 2301 261 2342 S.
279 2300 459 2343 Leonis
476 2301 563 2342 111.
585 2299 717 2350 Papae
740 2303 782 2338 et
803 2298 922 2338 Conf.

491 2376 654 2420 Duplex.

211 2432 346 2467 Omnia
382 2435 428 2468 de
459 2434 661 2469 Communi
693 2433 801 2468 Conf.
831 2431 982 2474 Pontis„

159 2486 300 2523 praeter
324 2483 535 2525 sequentia.

213 2537 355 2573 Oratio.
380 2539 448 2584 Da,
473 2540 704 2584 quaesumus.

212 2593 463 2629 Commemor.
489 2595 545 2630 Ss.
570 2594 767 2634 Basilidis
793 2597 860 2626 etc.
886 2591 982 2624 Mar-

159 2646 295 2685 tyrum.

211 2692 253 2727 In
282 2693 308 2728 1.
337 2694 536 2729 Nocturno
568 2694 772 2728 Lectiones
807 2692 853 2726 de
885 2690 981 2724 Scri-

159 2745 271 2783 ptura
298 2748 529 2778 occurrente.

1788 221 1856 258 39*

1265 316 1313 354 In
1340 315 1390 354 II.
1415 317 1636 356 Nocturno.

1337 385 1488 426 Lectio
1508 386 1559 425 iv.

1050 453 1054 454 ’
1078 456 1203 488 <
1223 447 1347 499 hujus
1366 448 1552 489 nominis
1574 450 1742 499 tertius,
1768 451 1855 492 Ro-

1081 513 1137 567 m!
1168 506 1338 553 manus,
1365 517 1419 545 ex
1443 510 1567 556 patre
1586 506 1804 560 Asuppio‚
1830 520 1855 548 a

1168 561 1353 613 pueritia
1376 561 1420 601 in
1443 562 1649 604 vestiario
1675 564 1855 616 patriar-

1035 616 1119 658 chii
1138 617 1444 658 Lateranensis
1463 618 1507 658 in
1528 631 1701 660 omnem
1721 620 1855 661 eecle-

1035 674 1254 715 siasticam
1287 686 1337 714 ac
1368 672 1557 715 divinam
1585 674 1856 729 disciplinam

1035 729 1261 779 educatus
1290 743 1343 771 ex
1370 730 1585 773 monacho
1612 733 1748 774 sancti
1776 733 1855 774 Be-

1033 785 1212 835 nedicti,
1248 786 1478 839 presbyter
1516 786 1765 838 cardinelis,
1806 802 1857 830 ac

1035 842 1211 885 demum
1237 843 1440 885 Pontifex
1464 844 1696 894 Maximus,
1722 845 1856 887 incre-

1036 899 1158 941 dibili
1191 900 1384 940 omnium
1419 901 1721 952 consensione,
1758 902 1855 955 ipso

1035 956 1105 997 die
1127 956 1271 998 obitus
1292 955 1474 998 Adriani
1494 960 1666 999 creatus
1686 964 1766 1008 est,
1785 971 1855 999 an·

1034 1026 1092 1054 no
1143 1013 1528 1066 septingentesimo
1574 1015 1856 1065 nonagesimo

1037 1069 1204 1122 quinto,
1244 1068 1444 1121 seditque
1482 1070 1525 1110 in
1559 1076 1709 1112 sancta
1740 1071 1858 1112 Petri

1036 1126 1141 1167 sede
1169 1139 1305 1167 annos
1333 1126 1503 1177 viginti,
1536 1140 1708 1168 menses
1738 1128 1857 1179 quin-

1037 1195 1132 1233 que,
1153 1181 1247 1223 dies
1266 1181 1419 1223 decem
1438 1187 1481 1223 et
1500 1189 1679 1235 septem.

1089 1250 1138 1300 R.
1163 1247 1314 1289 Inveni
1333 1247 1489 1289 David.
1507 1249 1587 1289 38*

1345 1331 1494 1371 Lectio
1516 1346 1551 1370 v.

1038 1392 1227 1497 Talem
1247 1408 1292 1436 se
1316 1395 1359 1435 in
1377 1395 1634 1447 pontificatu
1654 1395 1857 1445 exhibuit,

1127 1452 1299 1504 qualem
1325 1465 1372 1493 se
1396 1457 1495 1493 ante
1515 1452 1857 1504 assumptionem

1035 1508 1299 1561 praebuerat:
1322 1508 1564 1561 piissimum
1584 1508 1763 1558 scilieet,
1782 1508 1857 1548 mi-

1035 1565 1265 1615 tissimum,
1294 1564 1501 1615 singulari
1527 1565 1570 1605 in
1595 1565 1737 1605 Deum
1762 1564 1852 1606 reli-

1035 1622 1181 1671 gione,
1227 1634 1330 1672 erga
1373 1621 1620 1673 proximum
1657 1622 1857 1670 caritete,

1035 1677 1267 1729 prudentia
1290 1678 1332 1718 in
1357 1677 1488 1719 rebus
1507 1677 1726 1728 gerendis,
1754 1681 1856 1730 pau-

1035 1746 1190 1786 perum
1205 1737 1508 1786 aegrorumque
1524 1735 1759 1786 parentem,
1779 1734 1856 1775 Ec-

1037 1790 1181 1831 elesiae
1215 1790 1507 1839 defensorem,
1550 1789 1683 1831 divini
1717 1789 1857 1831 cultus

1035 1849 1351 1899 promotorem,
1384 1850 1540 1899 utpote
1570 1846 1643 1899 qui
1669 1846 1858 1887 maxima

1036 1916 1222 1955 quaeque
1258 1915 1340 1956 pro
1375 1902 1548 1944 Christo
1585 1907 1627 1943 et
1659 1902 1855 1944 Ecclesia

1034 1959 1187 2001 sedulo
1207 1959 1428 2011 praestitit,
1453 1964 1496 2000 et
1514 1959 1728 2011 patienter
1746 1958 1852 1999 tole—

1033 2016 1157 2057 revit.

1092 2083 1143 2134 R.
1160 2082 1294 2123 Posui
1311 2081 1581 2134 adjutorium.
1599 2081 1678 2121 38*

1339 2157 1487 2197 Lectio
1504 2156 1555 2195 vi.

1116 2243 1191 2270 um
1210 2229 1264 2271 ab
1287 2229 1447 2281 impiis,
1476 2227 1608 2268 erutis
1629 2226 1781 2274 oculis,
1810 2231 1853 2268 et

1126 2285 1354 2327 confossus
1384 2283 1648 2333 vulneribus,
1683 2282 1851 2324 semivi-

1032 2355 1111 2382 vus
1134 2342 1309 2383 relictus
1334 2341 1500 2388 fuisset,
1533 2338 1747 2391 postridie
1770 2351 1851 2391 per

1031 2398 1196 2449 insigne
1220 2396 1476 2438 miraculum
1500 2408 1630 2436 sanus
1649 2395 1851 2436 inventus

1032 2459 1109 2502 est,
1123 2453 1364 2504 iisdemque
1378 2451 1605 2504 parricidis
1615 2451 1749 2491 vitam
1761 2450 1850 2491 suis

1031 2509 1235 2562 precibus
1263 2508 1460 2550 obtinuit.
1505 2506 1662 2548 Cerolo
1690 2506 1849 2558 Magno

1030 2567 1297 2607 Francorum
1324 2565 1415 2615 regi
1443 2564 1690 2604 Romanum
1717 2563 1848 2615 impe·

1031 2622 1141 2663 rium
1169 2619 1337 2669 detulit;
1367 2619 1607 2672 peregrinis
1639 2618 1848 2671 amplissi-

1029 2691 1148 2718 mum
1175 2675 1495 2717 xenodochium
1522 2674 1749 2717 exstruxit:
1775 2685 1848 2726 pa-

1028 2732 1279 2775 trimonium
1297 2731 1492 2784 aliosque
1510 2730 1669 2772 fundos
1686 2730 1847 2782 paupe-
