2028 2892
787 210 895 243 Feriu
923 210 969 242 vi.
995 210 1031 242 in
1058 208 1282 241 l‘arasceve.

86 315 90 319 ·
171 300 319 351 gladio
347 300 541 352 ancipiti:
579 305 623 341 et
649 302 904 352 pertingens
931 313 999 340 us-

173 369 257 408 que
278 355 334 397 ad
354 356 612 397 divisi6nem
632 356 787 397 animae
808 368 858 396 ac
877 355 999 407 spiri-

171 416 256 460 tus,
281 414 545 464 compagum
571 424 745 464 quoque
766 425 817 452 ac
836 410 1000 452 medul-

170 467 327 516 larum,
360 472 403 508 et
435 466 653 508 discretor
685 467 999 517 cogitationum

173 527 216 563 et
234 523 525 564 intentienum
545 523 702 564 cordis.
739 523 796 563 Et
820 535 908 563 non
934 527 1000 563 est

171 578 259 619 ulla
277 582 481 619 creatura
501 578 730 619 invisibilis
754 579 797 618 in
819 580 1000 630 conspe-

172 638 245 675 ctu
282 635 387 685 ejus:
434 635 580 675 emnia
621 639 767 675 autem
802 633 920 675 nuda
958 638 1001 675 et

171 692 323 742 aperta
352 695 453 731 sunt
477 690 616 731 eculis
646 691 754 741 erS‚
786 689 843 731 ad
870 702 1000 741 quem

171 746 300 786 nobis
321 758 477 787 sermo.
513 745 739 787 Habentes
764 758 868 796 ergo
889 746 999 787 Pon-

170 801 333 843 tificem
367 814 592 852 magnum,
644 802 717 853 qui
753 803 1000 854 penetravit

170 857 327 906 coelos,
359 858 508 898 Jesum
538 857 696 898 Filium
724 858 823 899 Dei:
855 860 1000 899 tenea-

170 926 267 954 mus
294 913 627 954 confessionem.
662 913 763 953 Non
790 914 904 954 enim
928 913 1000 954 ha-

170 968 324 1009 bemus
343 968 618 1017 Pontificem,
650 969 724 1020 qui
748 981 836 1010 non
859 970 1001 1021 possit

171 1025 363 1076 compati
378 1024 704 1065 infirmitatibus
720 1026 898 1066 nostris:
918 1031 1002 1067 ten-

170 1082 310 1121 tatum
335 1085 480 1121 autem
504 1093 584 1132 per
610 1081 755 1121 emnia
779 1093 861 1133 pro
887 1081 999 1122 simi-

170 1135 353 1177 litudine
372 1136 539 1187 absque
557 1139 756 1188 peccato.

224 1207 273 1247 R
291 1200 589 1241 Tradiderunt
606 1213 676 1241 me
695 1201 738 1240 in
754 1214 908 1242 manus
923 1202 999 1242 im-

169 1257 361 1308 pierum,
397 1262 440 1298 et
466 1257 578 1298 inter
604 1257 778 1309 iniquos
806 1259 1000 1310 projece-

171 1318 272 1354 runt
295 1326 379 1362 me,
409 1318 452 1354 et
479 1326 566 1354 non
594 1316 888 1366 pepercerunt
913 1316 1000 1356 ani-

169 1382 253 1410 mae
281 1382 407 1410 meae:
438 1370 690 1421 congregati
719 1375 820 1411 sunt
848 1371 999 1412 adver-

170 1438 266 1466 sum
285 1439 356 1467 me
375 1426 526 1467 fortes:
549 1431 571 1454 *
587 1427 644 1467 Et
663 1427 775 1468 sicut
798 1427 1000 1478 gigantes

171 1483 387 1523 steterunt
406 1487 560 1523 contra
579 1495 660 1523 me.
697 1482 747 1533 Y.
775 1483 917 1524 Alieni
940 1484 1000 1525 in-

170 1539 452 1579 surrexerunt
475 1538 709 1579 adversum
733 1551 819 1588 me,
849 1544 893 1580 et
915 1540 999 1581 for-

168 1598 236 1634 tes
260 1594 526 1645 quaesierunt
548 1594 737 1635 animam
756 1607 910 1636 meam.
945 1596 1001 1637 Et

170 1650 284 1690 sicut
302 1650 512 1700 gigantes.

459 1737 610 1777 Lectio
631 1736 714 1777 viii.

250 1801 431 1842 deamus
469 1814 575 1852 ergo
614 1815 715 1843 cum
750 1801 912 1843 fiducia
944 1802 1001 1844 ad

274 1857 478 1899 thronum
497 1858 665 1909 gratiae:
690 1863 738 1899 ut
755 1858 1000 1899 misericer-

171 1912 291 1954 diam
311 1916 647 1966 consequamur,
673 1919 717 1955 et
735 1914 921 1964 gratiam
940 1915 1000 1955 in-

171 1969 397 2010 veniamus
442 1970 485 2010 in
528 1970 691 2011 auxilio
735 1974 1000 2022 opportuno.

172 2024 326 2066 Omnis
350 2038 538 2078 namque
556 2026 763 2067 Pentifex
787 2038 841 2066 ex
864 2026 1005 2075 homi—v

170 2080 298 2122 nibus
326 2085 598 2134 assumptus,
635 2094 717 2134 pro
750 2081 1000 2123 hominibus

172 2137 450 2179 constituitur
491 2138 534 2178 in
574 2137 627 2178 iis
670 2150 768 2189 quae
806 2142 907 2179 sunt
944 2138 1001 2180 ad

172 2192 324 2241 Deum,
353 2198 401 2234 ut
429 2192 586 2234 efferat
613 2192 739 2242 dona,
768 2198 811 2235 et
840 2194 1000 2235 sacrifi—

172 2248 237 2288 cia
276 2261 357 2301 pro
398 2249 607 2301 peccatis:
650 2250 723 2300 qui
764 2249 1000 2291 condolere

171 2305 313 2355 possit
332 2305 399 2354 iis,
429 2305 503 2356 qui
525 2305 743 2355 ignorant,
773 2310 817 2345 et
839 2311 999 2347 errant:

174 2360 378 2410 queniam
410 2365 453 2401 et
484 2361 580 2413 ipse
609 2360 904 2402 circumdatus
934 2367 1001 2402 est

173 2413 439 2457 infirmitate:
485 2422 528 2458 et
572 2417 810 2468 propterea
857 2416 1000 2466 debet,

175 2470 545 2520 quemadmodum
589 2484 670 2524 pro
710 2472 895 2524 pepulo,
940 2474 1000 2514 ita

174 2525 303 2565 etiam
324 2532 366 2567 et
385 2541 466 2578 pro
486 2529 724 2580 semetipso
745 2527 901 2569 offerre
917 2542 999 2581 pro

173 2582 378 2632 peccatis.

227 2646 275 2696 R'·
310 2645 334 2685 J
338 2658 457 2686 esum
490 2647 671 2689 tradidit
699 2648 859 2701 impius
889 2661 999 2689 sum-

173 2701 254 2741 mis
275 2701 544 2754 principibus
564 2704 855 2752 sacerdotum,
874 2710 917 2746 et
936 2718 999 2746 se-

1053 299 1251 341 nioribus
1285 302 1454 354 pepuli:
1486 301 1509 326 *
1542 303 1699 343 Petrus
1735 306 1883 344 autem

1054 356 1321 407 sequebatur
1347 370 1447 399 eum
1471 371 1497 399 a
1520 358 1666 409 longe,
1694 362 1743 400 ut
1765 358 1883 400 vide-

1054 416 1120 453 ret
1150 412 1292 454 finem.
1340 409 1389 460 V.
1415 414 1709 455 Adduxerunt
1737 419 1884 455 autem

1054 480 1154 508 eum
1173 467 1230 509 ad
1247 468 1460 521 Caipham
1477 471 1722 523 principem
1743 482 1883 511 sacer-

1055 523 1218 574 dotum,
1237 524 1313 566 ubi
1332 525 1489 566 scribae
1505 531 1549 567 et
1562 526 1769 579 pharisaei
1784 538 1883 567 con-

1053 582 1275 622 venerant.
1302 581 1470 623 Petrus.

1356 650 1509 691 Lectio
1529 650 1583 690 ix.

1054 706 1200 812 Nec
1225 711 1458 763 quisquam
1482 711 1615 752 sumit
1641 711 1725 754 sibi
1746 712 1883 754 hone-

1166 779 1275 815 rem,
1304 766 1383 808 sed
1412 767 1487 819 qui
1510 769 1695 809 vocatur
1724 781 1750 809 a
1773 768 1883 818 Deo,

1054 826 1280 874 tamquam
1308 823 1469 871 Aaron.
1515 823 1587 864 Sic
1615 828 1658 865 et
1686 823 1883 866 Christus

1054 891 1142 919 non
1156 882 1442 932 semetipsum
1453 879 1708 921 clarificavit
1721 885 1771 922 ut
1778 880 1885 922 Pen-

1053 934 1161 975 tifex
1179 934 1319 976 fieret:
1342 935 1422 976 sed
1446 936 1521 987 qui
1540 935 1714 977 locatus
1739 941 1807 977 est
1827 935 1884 978 ad

1055 1003 1168 1031 eum:
1191 991 1326 1032 Filius
1345 1004 1468 1032 meus
1489 1004 1536 1032 es
1555 996 1619 1042 tu,
1643 1004 1725 1043 ego
1750 991 1884 1033 hedie

1053 1047 1184 1096 genui
1198 1051 1253 1088 te.
1274 1047 1657 1097 Quemadmodum
1677 1052 1720 1089 et
1736 1048 1781 1088 in
1797 1047 1883 1089 alio

1053 1101 1154 1143 loco
1175 1102 1296 1145 dicit:
1315 1104 1384 1144 Tu
1404 1116 1451 1144 es
1471 1101 1679 1144 sacerdos
1697 1103 1742 1144 in
1760 1105 1884 1144 aeter-

1053 1171 1171 1208 num,
1205 1159 1448 1201 secundum
1480 1158 1680 1200 Ordinem
1707 1158 1884 1200 Melchi-

1053 1213 1227 1255 sedech.
1266 1215 1351 1264 Qui
1375 1215 1419 1255 in
1445 1214 1600 1256 diebus
1623 1215 1767 1256 carnis
1792 1226 1884 1256 suae

1053 1283 1219 1322 preces,
1246 1270 1679 1323 supplicationesque
1699 1269 1755 1312 ad
1774 1282 1884 1320 eum,

1054 1326 1129 1377 qui
1159 1326 1303 1378 possit
1337 1326 1459 1367 illum
1487 1325 1658 1367 salvum
1684 1326 1831 1367 facere
1859 1338 1885 1366 a

1053 1387 1195 1423 morte
1220 1395 1321 1423 cum
1345 1382 1537 1423 clamere
1561 1381 1727 1431 valido,
1756 1386 1800 1423 et
1823 1381 1883 1422 la·

1053 1438 1200 1478 crimis
1220 1437 1426 1487 efferens,
1454 1436 1686 1478 exauditus
1710 1441 1777 1478 est
1799 1449 1883 1489 pro

1053 1507 1132 1534 sua
1151 1494 1412 1535 reverentia:
1430 1494 1488 1535 Et
1508 1492 1687 1545 quidem
1705 1505 1805 1534 cum
1819 1505 1884 1535 es-

1053 1554 1122 1591 set
1139 1550 1276 1591 Filius
1295 1550 1398 1600 Dei,
1427 1548 1581 1591 didicit
1605 1561 1660 1591 ex
1683 1549 1754 1599 iis,
1785 1561 1884 1601 quae

1052 1619 1211 1658 passus
1244 1610 1326 1656 est,
1360 1604 1673 1647 obedientiam:
1706 1610 1751 1646 et
1783 1617 1884 1646 con-

1053 1664 1311 1712 summatus,
1336 1662 1477 1703 factus
1502 1666 1569 1703 est
1588 1660 1791 1703 Omnibus
1810 1660 1884 1702 ob—

1053 1717 1402 1771 temperantibus
1441 1717 1525 1759 sibi
1561 1730 1695 1759 causa
1731 1716 1884 1759 salutis

1053 1777 1248 1824 aeternae‚
1280 1773 1527 1827 appellatus
1560 1786 1586 1814 a
1612 1773 1710 1815 Deo
1739 1773 1884 1814 Ponti-

1052 1831 1124 1873 fex
1142 1833 1262 1884 juxta
1282 1830 1482 1873 ordinem
1501 1829 1838 1872 Melchisedech.

1108 1894 1158 1944 Ra
1176 1892 1484 1943 Caligaverunt
1503 1891 1621 1932 oculi
1637 1891 1723 1932 mei
1737 1904 1764 1932 a
1777 1891 1884 1933 fletu

1052 1960 1168 1990 meo:
1195 1949 1297 2000 quia
1317 1948 1546 1998 elongatus
1567 1951 1634 1988 est
1653 1959 1679 1988 a
1697 1959 1783 1997 me,
1810 1947 1884 1999 qui

1053 2004 1365 2046 consolabatur
1399 2015 1481 2044 me.
1534 2002 1697 2044 Videte
1731 2015 1883 2044 omnes

1052 2060 1224 2113 pepuli,
1245 2061 1268 2085 *
1287 2060 1332 2101 Si
1357 2064 1424 2101 est
1447 2058 1575 2100 dolor
1600 2058 1752 2100 similis
1770 2059 1883 2100 sicut

1054 2116 1182 2158 dolor
1206 2129 1341 2157 meus.
1378 2109 1429 2162 V.
1459 2115 1497 2156 O
1522 2127 1603 2156 vos
1631 2127 1784 2156 omnes
1809 2115 1883 2167 qui

1053 2173 1248 2214 transitis
1266 2185 1347 2224 per
1365 2172 1496 2221 viam,
1523 2171 1736 2213 attendite
1761 2176 1805 2213 et
1823 2171 1882 2212 vi-

1053 2228 1165 2271 dete.
1193 2229 1238 2270 Si
1257 2233 1323 2270 est
1343 2227 1481 2269 dolor.
1513 2227 1831 2278 Caligaverunt.

1309 2307 1388 2348 Ad
1414 2307 1623 2348 Laudes.

1108 2373 1206 2412 Ant.
1240 2373 1269 2411 1.
1319 2369 1504 2425 Preprio
1536 2368 1648 2409 Filio
1682 2380 1763 2409 suo
1794 2380 1883 2409 non

1054 2425 1252 2480 pepercit
1280 2425 1419 2474 Deus,
1451 2424 1531 2466 sed
1562 2437 1644 2477 pro
1677 2423 1805 2466 nobis
1838 2426 1881 2465 ὁ-

1052 2482 1226 2523 mnibus
1245 2480 1429 2522 tradidit
1447 2481 1579 2521 illum.

1107 2540 1174 2578 Ps.
1194 2539 1265 2577 50.
1294 2538 1514 2578 Miserere.
1531 2537 1624 2578 224.

1107 2596 1206 2635 Ant.
1234 2596 1269 2635 2.
1312 2594 1529 2634 Anxiatus
1558 2597 1626 2634 est
1653 2604 1785 2643 super
1811 2605 1882 2633 me

1053 2649 1231 2701 spiritus
1251 2661 1390 2698 meus,
1416 2650 1459 2689 in
1478 2660 1548 2690 me
1570 2647 1797 2689 turbatum
1816 2652 1883 2689 est

1053 2718 1130 2746 cor
1151 2717 1308 2747 meum.
