2066 2956
484 226 555 260 Die
584 226 631 261 16.
657 227 816 269 Aprilis,
864 227 898 261 S.
926 229 1125 263 Benedicti
1151 231 1315 273 Josephi
1342 232 1463 267 Labrc
1491 235 1598 268 (jons.

187 326 433 378 perfectum
445 325 670 378 exemplar
677 325 903 378 praefulsit.
914 326 1027 367 Duo-

190 382 344 423 dennis
360 381 417 423 ad
432 384 638 434 patruum
655 381 933 424 sacerdotem
948 395 1023 435 pa-

188 438 338 479 ro'eciae
360 438 653 491 praepositum
675 438 853 488 missus,
883 437 1023 480 erudi-

187 494 308 536 tione
340 494 507 547 pariter
540 507 592 535 ac
624 494 785 536 virtute
820 495 1022 548 profecit.

187 551 302 592 Hinc
322 551 503 592 caritate
519 551 708 601 flagrans
723 551 766 591 in
781 552 1022 605 proximos,

189 607 503 649 confluentium
531 609 771 658 egenorum
804 608 969 649 nullum
998 623 1023 652 a

189 676 235 705 se
262 663 491 705 discedere
516 663 617 705 sivit
642 663 832 713 inanem,
863 665 1022 707 eidem-

189 733 274 771 que
298 722 457 772 patruo
484 720 654 761 socium
676 720 950 762 individuum
975 736 1022 764 se

189 776 385 828 adjunxit
399 777 443 817 in
458 778 678 830 aegrorum
693 777 910 826 solatium,
929 778 1022 820 dira

187 832 258 873 lue
286 845 366 885 per
393 833 493 874 loca
520 835 766 884 grassante,
800 835 921 886 cujus
949 835 1021 877 ille

187 889 364 930 victima
383 889 600 931 occiibuit.
628 889 749 930 Nulli
764 889 907 931 labori
924 904 1020 943 par-

188 958 307 995 cens,
330 958 412 987 nec
428 945 626 998 periculo
646 946 840 996 territus,
867 947 1021 988 viliora

189 1014 378 1054 quaeque
415 1002 554 1044 obivit
591 1002 737 1043 officia
773 1002 829 1044 ad
867 1005 1019 1044 eorum

186 1057 422 1099 levandam
441 1058 746 1108 calamitatem,
770 1060 844 1111 qui
862 1059 1018 1101 morbo

188 1115 380 1167 correpti
408 1114 623 1167 jacebant,
655 1117 885 1167 pastorum
914 1129 1018 1167 quo-

187 1183 271 1223 que
317 1171 436 1212 vices
483 1171 666 1224 explens
703 1172 747 1211 in
782 1172 1018 1224 pascendis

184 1227 390 1278 gregibus
410 1227 465 1269 ab
486 1228 549 1269 eis
565 1227 740 1277 relictis,
759 1228 954 1279 gramine
975 1229 1017 1268 in

185 1284 302 1324 arvis
333 1296 359 1324 a
390 1297 438 1326 se
470 1283 658 1325 collecto
691 1297 773 1336 pro
806 1286 1018 1336 pecorum

185 1339 405 1390 alimonia3
441 1340 633 1392 ideoque
670 1340 833 1381 factum
871 1346 938 1382 est
970 1346 1018 1382 ut

185 1395 270 1436 sibi
315 1396 459 1447 angeli
506 1409 667 1437 nomen
711 1398 1016 1449 promeruerit.

183 1452 340 1504 Neque
387 1452 515 1494 aliter
560 1452 718 1494 exinde
764 1453 853 1504 egit
898 1453 1016 1505 apud

184 1509 463 1558 avfinculum,
499 1509 574 1551 ubi
612 1511 790 1550 omnino
826 1509 1015 1561 splendi-

184 1564 290 1607 dum
336 1566 532 1607 caritatis
578 1571 622 1607 et
666 1565 1015 1607 mansuetfidinis

184 1622 407 1674 specimen
428 1621 581 1671 edidit,
605 1622 716 1662 mira
741 1622 951 1674 patientia
972 1628 1015 1663 et

183 1677 452 1729 benignitate
472 1678 604 1729 longo
620 1679 821 1730 tempore
836 1680 1013 1730 perpes-

183 1747 257 1775 sus
294 1734 561 1785 singularem
598 1734 825 1786 cujfisdam
863 1739 1012 1776 contu-

182 1789 374 1832 bernalis
392 1791 708 1839 morositatem,
728 1803 753 1831 a
774 1803 861 1842 quo
880 1795 1015 1832 noctu

181 1845 346 1898 diuque
364 1846 479 1888 male
498 1846 754 1888 habebatur.

232 1905 283 1957 R.
311 1904 560 1944 Honestum
586 1903 690 1944 fecit
715 1902 838 1943 illum
863 1903 1012 1944 Domi-

181 1973 277 2012 nus,
304 1965 348 2002 et
367 1959 604 2001 custodivit
623 1972 722 2000 eum
741 1958 796 2001 ab
817 1959 1014 2007 inimicis,

182 2021 227 2057 et
255 2029 281 2058 a
309 2015 617 2058 seductoribus
644 2015 804 2057 tutavit
826 2014 963 2056 illum:
986 2019 1008 2041 *

181 2072 238 2113 Et
270 2072 392 2114 dedit
422 2072 485 2113 illi
518 2071 761 2113 claritatem
792 2073 1012 2112 aeternam.

178 2121 229 2173 Ys-
264 2128 437 2170 Justum
469 2126 653 2170 deduxit
685 2127 901 2168 Dominus
933 2139 1013 2179 per

181 2185 275 2226 vias
295 2190 453 2235 rectas,
479 2189 522 2225 et
541 2183 733 2225 ostendit
752 2183 812 2223 illi
832 2195 1013 2234 regnum

181 2241 275 2282 Dei.
302 2241 359 2282 Et
378 2240 511 2282 dedit.

489 2296 642 2338 Lectio
662 2310 699 2335 ν.

259 2353 287 2394 d
334 2353 680 2394 austerissimum
724 2352 828 2393 vitae
873 2364 1011 2402 genus

282 2409 445 2461 jamdiu
461 2422 508 2450 se
524 2408 794 2461 appellatum
810 2408 1011 2457 sentiens,

179 2465 321 2516 rigido
342 2465 499 2518 jejunio
521 2471 595 2506 aut
615 2464 725 2506 duro
747 2469 917 2505 tantum
934 2477 1007 2516 pa-

179 2534 235 2562 ne
255 2521 349 2563 dies
368 2524 610 2572 transigere
631 2522 894 2569 assueverat,
914 2520 1009 2562 bre-

180 2590 280 2619 vem
305 2578 431 2619 fessis
457 2577 664 2619 membris
689 2577 880 2628 quietem
905 2576 1010 2618 dare

181 2646 312 2685 super
333 2633 476 2675 nudos
497 2635 668 2675 asseres
689 2645 787 2673 cum
807 2631 1009 2673 cervicali

181 2702 235 2730 ex
267 2689 421 2740 ligneis
454 2690 721 2740 fragmentis,
754 2688 927 2738 flagello
962 2701 1009 2729 se

180 2744 364 2796 caedere,
386 2746 623 2798 pluresque
642 2745 774 2786 horas
795 2744 918 2785 flexis
936 2757 1009 2785 an-

1074 330 1119 367 te
1144 326 1500 376 augustissimum
1523 326 1809 368 Eucharistiae
1830 326 1902 367 Sa-

1076 383 1346 423 cramentum
1360 382 1543 433 genibus
1559 382 1728 424 orando
1740 383 1902 435 impen-

1076 437 1192 479 dere.
1229 439 1369 479 Ratus
1393 451 1528 491 porro
1554 451 1600 480 se
1625 439 1680 479 ad
1706 440 1903 491 asperius

1076 494 1256 546 aliquod
1280 494 1589 536 coenobiticum
1612 495 1859 537 institutum
1878 509 1902 536 a

1075 550 1171 591 Deo
1204 551 1372 601 vocari,
1414 549 1471 592 ad
1502 551 1785 603 Trappenses
1818 553 1902 604 pri-

1074 620 1193 647 mum
1219 619 1265 648 se
1292 607 1494 656 contulit,
1529 606 1687 648 deinde
1718 607 1775 649 ad
1801 608 1899 649 Car-

1074 662 1318 713 thusianos‚
1373 665 1597 716 postremo
1644 663 1700 705 ad
1745 664 1902 705 Cister-

1074 719 1253 760 cienses.
1286 719 1373 761 Sed
1398 719 1454 760 ob
1474 719 1682 769 gracilem
1703 721 1902 773 corporis

1073 775 1271 817 habitum
1290 781 1333 817 et
1353 778 1604 817 contractas
1621 776 1902 827 aegritudines

1074 845 1098 872 a
1133 832 1313 883 singulis
1346 832 1467 873 abire
1501 834 1681 873 coactus
1715 833 1807 883 fuit3
1842 833 1902 874 ita

1073 888 1333 940 disponente
1353 889 1467 938 Deo,
1497 894 1544 931 ut
1560 888 1716 930 beatus
1736 890 1901 940 juvenis

1072 945 1274 986 arctioris
1299 945 1491 996 sequelae
1516 945 1656 986 crucis
1677 945 1839 986 Christi
1858 946 1901 985 in

1071 1001 1217 1042 medio
1251 1001 1405 1053 populi
1437 1001 1738 1054 spectaculum
1777 1002 1902 1042 fieret

1070 1057 1250 1107 mundo,
1284 1062 1327 1099 et
1347 1058 1540 1108 Angelis,
1575 1064 1619 1100 et
1642 1057 1901 1099 hominibus.

1070 1114 1184 1155 Nam
1217 1127 1316 1155 curn
1348 1114 1602 1155 ferventiori
1634 1126 1767 1166 prece
1796 1113 1900 1154 divi-

1070 1183 1173 1211 num
1210 1170 1355 1211 lumen
1392 1170 1689 1222 implorasset,
1731 1170 1900 1211 interna

1071 1226 1312 1267 clarissima
1335 1226 1558 1268 locutione
1583 1226 1812 1275 intellexit,
1837 1239 1901 1267 se—

1071 1282 1230 1324 ctanda
1254 1283 1337 1324 sibi
1362 1283 1455 1324 fore
1481 1283 1618 1324 ardua
1642 1284 1781 1324 sancti
1800 1282 1898 1323 Ale-

1068 1339 1130 1379 xii
1148 1339 1350 1390 vestigia,
1379 1339 1746 1391 durissimamque
1765 1340 1899 1380 vitam

1069 1395 1112 1435 in
1141 1396 1276 1436 sacris
1301 1395 1727 1447 peregrinationibus
1754 1395 1899 1436 tradu-

1069 1451 1265 1492 cendam.
1293 1451 1515 1492 Probante
1532 1452 1663 1502 igitur
1679 1452 1899 1492 conscien-

1068 1508 1141 1548 tiae
1167 1521 1259 1549 suae
1283 1508 1581 1557 moderatore,
1610 1521 1748 1549 annos
1771 1513 1899 1549 natus

1067 1564 1221 1615 viginti
1241 1564 1369 1613 duos,
1396 1564 1469 1617 pia
1489 1564 1684 1616 suscepit
1702 1564 1899 1614 longissi—

1067 1633 1138 1661 ma
1157 1620 1331 1670 itinera3
1360 1620 1513 1673 pedes,
1543 1626 1666 1661 veste
1687 1620 1898 1670 obsoleta,

1068 1681 1112 1718 et
1140 1676 1237 1718 rudi
1265 1677 1430 1729 pileolo
1458 1681 1623 1725 tectus,
1659 1677 1760 1717 fune
1788 1690 1898 1728 prae-

1069 1735 1236 1774 cinctus
1260 1746 1311 1774 ac
1328 1733 1442 1774 male
1462 1733 1698 1782 calceatus,
1718 1733 1809 1773 sine
1825 1746 1898 1785 pe-

1068 1790 1210 1839 cnnia,
1256 1793 1489 1841 rerumque
1528 1790 1721 1830 omnium
1756 1789 1896 1841 inops,

1068 1846 1217 1888 oblata
1245 1851 1415 1887 tantum
1448 1846 1562 1898 stipe
1593 1846 1815 1895 victitans,
1852 1851 1895 1886 et

1068 1915 1244 1944 saccum
1281 1901 1481 1944 deferens
1519 1905 1726 1943 onustum
1762 1902 1895 1950 saxis,

1068 1972 1155 2011 quo
1174 1958 1483 2011 peregrinandi
1500 1957 1677 1999 labores
1698 1958 1781 1999 sibi
1800 1971 1894 2008 gra-

1067 2015 1211 2056 viores
1231 2013 1448 2055 redderet.
1484 2014 1582 2054 Hac
1601 2014 1769 2055 ratione
1788 2013 1893 2054 mul-

1066 2076 1134 2112 tas
1152 2071 1346 2123 Europae
1374 2070 1576 2120 regiones
1605 2070 1769 2122 pltiries
1798 2082 1893 2121 per-

1065 2127 1252 2178 agravit,
1280 2126 1444 2178 ubique
1469 2126 1688 2166 sanctiora
1712 2125 1810 2166 loca
1834 2125 1893 2166 vi-

1065 2183 1257 2233 sitando,
1293 2195 1530 2234 numquam
1563 2187 1709 2222 vestes
1741 2181 1892 2222 immu-

1066 2244 1175 2288 tans,
1194 2244 1362 2287 aestum,
1382 2238 1591 2286 brumam,
1615 2237 1777 2278 imbres
1796 2239 1892 2290 per-

1066 2295 1226 2345 ferens,
1267 2300 1401 2336 noctu
1434 2293 1599 2335 cubans
1632 2293 1892 2346 pleramque

1065 2352 1146 2393 sub
1175 2351 1264 2401 dio,
1300 2350 1612 2402 declinansque
1641 2362 1666 2390 a
1693 2350 1797 2391 trita
1822 2351 1893 2391 via

1064 2413 1108 2449 et
1137 2407 1389 2449 diversoriis
1420 2412 1469 2447 ut
1496 2406 1656 2447 vitaret
1684 2406 1891 2458 pericula,

1063 2469 1107 2505 et
1127 2464 1316 2504 animum
1334 2462 1512 2504 liberius
1530 2462 1574 2501 in
1593 2461 1737 2503 Deum
1756 2462 1891 2503 inten-

1064 2519 1197 2561 deret.

1114 2575 1165 2625 R.
1192 2574 1368 2616 Amavit
1391 2587 1490 2615 eum
1508 2574 1740 2624 Dominus,
1763 2579 1806 2615 et
1825 2587 1890 2615 or-

1062 2632 1182 2673 navit
1218 2644 1331 2672 eum:
1368 2630 1528 2672 stolam
1563 2630 1714 2681 gloriae
1751 2630 1891 2671 induit

1062 2701 1171 2737 eum,
1193 2687 1215 2711 *
1227 2689 1283 2729 Et
1302 2686 1358 2728 ad
1378 2691 1532 2739 portas
1551 2686 1745 2739 paradisi
1764 2698 1887 2727 coro-

1061 2745 1180 2785 navit
1222 2756 1331 2785 eum.
1397 2737 1446 2788 Y.
1479 2743 1627 2785 Induit
1665 2756 1764 2784 eum
1801 2742 1889 2782 Do-
