2028 2892
450 1345 850 1422 DOMINICA
902 1346 1629 1476 RESJJRRECTIONIS.

337 1520 425 1561 Ad
457 1521 843 1563 Matutinum.

229 1588 357 1627 l’ater
375 1592 536 1629 noster.
566 1589 658 1629 Ave
676 1588 826 1629 Maria.
852 1588 1009 1631 Credo.

227 1641 275 1689 Y.
316 1643 504 1684 DOmine
541 1643 657 1690 labia
694 1657 791 1685 mea
827 1645 1007 1696 aperies.

178 1699 300 1739 Deus
324 1699 367 1738 in
393 1698 667 1751 adjuterium.
705 1700 860 1741 Gloria
878 1701 1008 1742 Patri.

178 1753 376 1805 Alleluja.

230 1811 399 1850 Invitat.
434 1812 634 1852 Surrexit
657 1811 875 1852 D6minus
894 1824 1008 1861 vere,

176 1868 196 1890 ¹*
222 1864 420 1917 Alleluia.

231 1922 294 1961 l’s.
328 1924 492 1971 Venite,
512 1924 790 1965 exsultemus.
809 1924 846 1964 2.

228 1982 370 2025 Hymni
396 1988 431 2017 et
458 1984 636 2026 Capitula
662 1996 736 2019 non
765 1986 943 2020 dicuntur
969 1987 1004 2020 in

176 2030 305 2073 aliqua
320 2030 510 2065 Horarum
524 2043 645 2075 usque
659 2034 706 2066 ud
719 2034 833 2076 Vesp.
846 2035 1003 2068 sabbati

177 2078 214 2111 in
234 2079 355 2119 Albis,
374 2090 443 2113 nec
463 2080 664 2122 Versicufi,
683 2082 756 2114 nisi
776 2082 814 2115 in
832 2082 940 2116 Noet.

410 2140 472 2179 Ad
502 2141 770 2180 Nocturnum.

231 2201 327 2239 Ant.
361 2202 455 2252 Ego
476 2215 572 2242 sum
593 2203 667 2254 qui
687 2216 793 2252 sum,
808 2205 832 2231 *
848 2208 890 2245 et
910 2216 1007 2249 eon·

179 2257 323 2298 silium
346 2270 492 2298 meum
519 2271 606 2299 non
634 2264 701 2300 est
727 2272 825 2300 eum
851 2261 1007 2312 impiis,

179 2313 257 2354 sed
283 2314 326 2354 in
353 2314 450 2365 lege
476 2314 651 2355 Demini
680 2315 883 2357 voluntas
911 2330 1007 2358 mea

180 2374 256 2418 est,
284 2370 465 2421 alleluja.

184 2447 199 2462 ι
220 2454 224 2457 .
243 2453 249 2457 -
316 2453 321 2456 -
340 2454 344 2456 -
365 2446 431 2479 32⁴,-
475 2428 671 2468 Psalmus
696 2431 720 2468 1.

192 2485 224 2532 3:
276 2484 327 2522 ,ἷι
378 2479 405 2529 ’ᾖ
419 2473 563 2523 eatus
588 2482 663 2531 vir,
691 2483 764 2534 qui
791 2495 878 2523 non
904 2484 1009 2525 abiit

192 2540 222 2555 ⁴*
279 2589 289 2593 ⁷.
314 2535 338 2588 ²
362 2526 407 2601 εξ
455 2539 498 2578 in
515 2539 696 2579 consilio
711 2539 955 2591 impierum,
968 2546 1011 2581 et

184 2618 224 2652 {21
274 2565 405 2664 ..Αἶα
456 2594 499 2633 in
526 2595 595 2635 via
619 2596 904 2647 peccatorum
923 2609 1008 2637 non

184 2652 227 2690 „⁴
245 2682 251 2686 ,
269 2683 273 2686 .
293 2645 429 2692 ν-Ὸ.
457 2651 592 2700 stetit,
617 2652 640 2676 *
666 2656 710 2692 et
731 2651 774 2691 in
802 2650 1008 2693 cathedra

178 2704 442 2756 pestilentiae
462 2718 549 2747 non
570 2706 698 2748 sedit:

1115 1519 1202 1561 Sed
1218 1519 1261 1559 in
1275 1518 1373 1570 lege
1383 1520 1562 1561 D6mini
1571 1520 1777 1562 voluntas
1793 1521 1894 1572 ejus,

1063 1577 1087 1603 *
1115 1580 1159 1617 et
1191 1576 1235 1616 in
1263 1575 1361 1627 lege
1391 1577 1482 1627 ejus
1509 1576 1794 1618 meditabitur
1823 1575 1894 1617 die

1063 1644 1115 1673 ac
1133 1636 1274 1673 noete.

1115 1688 1172 1728 Et
1199 1688 1281 1728 erit
1307 1692 1533 1739 tamquam
1559 1687 1744 1738 lignum,
1774 1688 1895 1740 quod

1063 1739 1310 1793 plantatum
1322 1743 1388 1780 est
1399 1752 1526 1780 secus
1538 1738 1751 1780 decursus
1763 1742 1894 1791 aqua-

1064 1796 1205 1844 rum‚*
1217 1794 1336 1847 quod
1356 1795 1545 1836 fructum
1564 1808 1690 1837 suum
1711 1795 1832 1837 dabit
1851 1796 1894 1836 in

1063 1853 1265 1904 tempore
1285 1864 1380 1892 suo:

1115 1908 1172 1949 Et
1198 1907 1349 1948 felium
1375 1907 1466 1958 ejus
1492 1920 1579 1948 non
1607 1906 1786 1949 defluet:
1805 1908 1830 1935 *
1850 1912 1894 1949 et

1065 1964 1209 2005 &mnia
1231 1966 1520 2015 quaecumque
1539 1963 1686 2013 faciet,
1710 1976 1893 2016 prospe-

1063 2019 1286 2061 rabsmtur.

1114 2076 1216 2117 Non
1235 2076 1296 2116 sic
1316 2076 1448 2128 impii,
1467 2088 1556 2117 non
1571 2076 1647 2116 sie:
1659 2076 1682 2103 *
1693 2074 1773 2117 sed
1787 2079 1893 2117 tam-

1066 2145 1195 2184 quam
1213 2131 1374 2184 pulvis‚
1395 2144 1525 2183 quem
1543 2132 1717 2184 pr6jicit
1736 2136 1893 2173 ventus

1064 2201 1089 2229 a
1108 2188 1217 2229 faeie
1236 2192 1378 2229 terrae.

1115 2244 1223 2285 Ideo
1249 2256 1337 2285 non
1365 2247 1596 2294 resurgent
1621 2244 1743 2296 impii
1766 2243 1811 2283 in
1836 2244 1893 2294 ju-

1065 2300 1194 2342 dicio:
1220 2301 1244 2327 *
1269 2312 1413 2351 neque
1438 2301 1697 2352 peccateres
1722 2300 1766 2339 in
1793 2311 1892 2340 con-

1064 2356 1164 2398 eilio
1184 2356 1408 2407 just6rum.

1117 2412 1332 2462 Queniam
1355 2413 1479 2453 novit
1502 2412 1596 2453 Dfis
1622 2411 1738 2452 viam
1762 2412 1893 2463 justo-

1065 2481 1176 2509 rum:
1200 2469 1224 2494 *
1251 2472 1294 2508 et
1318 2468 1400 2509 iter
1424 2469 1658 2520 impierum
1681 2466 1852 2519 peribit.

1116 2540 1213 2578 Ant.
1250 2540 1343 2591 Ego
1370 2553 1466 2581 sum
1494 2540 1566 2592 qui
1594 2553 1700 2588 sum,
1726 2544 1770 2581 et
1793 2552 1892 2580 eon-

1064 2596 1207 2636 silium
1229 2608 1375 2637 meum
1401 2609 1489 2637 non
1518 2601 1585 2638 est
1613 2608 1712 2637 cum
1737 2596 1893 2648 impiis,

1065 2651 1143 2693 sed
1170 2652 1212 2692 in
1239 2652 1336 2702 lege
1362 2652 1541 2693 DOmini
1567 2651 1769 2694 volantas
1795 2664 1893 2693 mea

1065 2715 1141 2758 est,
1168 2708 1349 2760 alleluja.
