<?xml version="1.0" encoding="UTF-8"?>
<!DOCTYPE html PUBLIC "-//W3C//DTD XHTML 1.0 Transitional//EN"
    "http://www.w3.org/TR/xhtml1/DTD/xhtml1-transitional.dtd">
<html xmlns="http://www.w3.org/1999/xhtml" xml:lang="en" lang="en">
 <head>
  <title>
</title>
<meta http-equiv="Content-Type" content="text/html;charset=utf-8" />
  <meta name='ocr-system' content='tesseract 3.04.00' />
  <meta name='ocr-capabilities' content='ocr_page ocr_carea ocr_par ocr_line ocrx_word'/>
</head>
<body>
  <div class='ocr_page' id='page_1' title='image "./p2breviariumroma00cathuoft_1022.png"; bbox 0 0 2066 2956; ppageno 0'>
   <div class='ocr_carea' id='block_1_1' title="bbox 212 179 285 215">
    <p class='ocr_par' dir='ltr' id='par_1_1' title="bbox 212 179 285 215">
     <span class='ocr_line' id='line_1_1' title="bbox 212 179 285 215; baseline 0 0"><span class='ocrx_word' id='word_1_1' title='bbox 212 179 285 215; x_wconf 74' lang='lat'><strong>30*</strong></span> 
     </span>
    </p>
   </div>
   <div class='ocr_carea' id='block_1_2' title="bbox 213 275 1043 441">
    <p class='ocr_par' dir='ltr' id='par_1_2' title="bbox 213 275 1043 441">
     <span class='ocr_line' id='line_1_2' title="bbox 213 275 1043 329; baseline 0.005 -13"><span class='ocrx_word' id='word_1_2' title='bbox 213 275 393 317; x_wconf 92' lang='lat' dir='ltr'><strong>randam</strong></span> <span class='ocrx_word' id='word_1_3' title='bbox 437 289 613 329; x_wconf 90' lang='lat' dir='ltr'><strong>quoque</strong></span> <span class='ocrx_word' id='word_1_4' title='bbox 655 290 706 319; x_wconf 89' lang='lat' dir='ltr'><strong>ac</strong></span> <span class='ocrx_word' id='word_1_5' title='bbox 742 277 1043 321; x_wconf 86' lang='lat' dir='ltr'><strong>exornandam</strong></span> 
     </span>
     <span class='ocr_line' id='line_1_3' title="bbox 214 332 1041 385; baseline 0.006 -13"><span class='ocrx_word' id='word_1_6' title='bbox 214 332 427 385; x_wconf 90' lang='lat' dir='ltr'><strong>Principis</strong></span> <span class='ocrx_word' id='word_1_7' title='bbox 458 333 777 385; x_wconf 91' lang='lat' dir='ltr'><strong>Apostolorum</strong></span> <span class='ocrx_word' id='word_1_8' title='bbox 805 334 1041 385; x_wconf 83' lang='lat' dir='ltr'>basilicam,</span> 
     </span>
     <span class='ocr_line' id='line_1_4' title="bbox 215 388 1041 441; baseline 0.005 -12"><span class='ocrx_word' id='word_1_9' title='bbox 215 388 410 441; x_wconf 88' lang='lat' dir='ltr'><strong>aliasque</strong></span> <span class='ocrx_word' id='word_1_10' title='bbox 436 389 567 432; x_wconf 86' lang='lat' dir='ltr'>Urbis</span> <span class='ocrx_word' id='word_1_11' title='bbox 597 390 821 441; x_wconf 91' lang='lat' dir='ltr'><strong>ecclesias,</strong></span> <span class='ocrx_word' id='word_1_12' title='bbox 850 392 1041 433; x_wconf 88' lang='lat' dir='ltr'><strong>animum</strong></span> 
     </span>
    </p>
   </div>
   <div class='ocr_carea' id='block_1_3' title="bbox 214 442 1227 500">
    <p class='ocr_par' dir='ltr' id='par_1_3' title="bbox 214 442 1230 500">
     <span class='ocr_line' id='line_1_5' title="bbox 214 442 1227 500; baseline 0.004 -14"><span class='ocrx_word' id='word_1_13' title='bbox 214 449 257 486; x_wconf 89' lang='lat' dir='ltr'><strong>et</strong></span> <span class='ocrx_word' id='word_1_14' title='bbox 275 458 451 487; x_wconf 92' lang='lat' dir='ltr'><strong>manum</strong></span> <span class='ocrx_word' id='word_1_15' title='bbox 470 446 700 499; x_wconf 86' lang='lat' dir='ltr'>applicuit,</span> <span class='ocrx_word' id='word_1_16' title='bbox 727 447 770 488; x_wconf 94' lang='lat' dir='ltr'><strong>in</strong></span> <span class='ocrx_word' id='word_1_17' title='bbox 794 460 880 500; x_wconf 93' lang='lat' dir='ltr'><strong>quo</strong></span> <span class='ocrx_word' id='word_1_18' title='bbox 904 448 1041 490; x_wconf 91' lang='lat' dir='ltr'><strong>multa</strong></span> <span class='ocrx_word' id='word_1_19' title='bbox 1102 443 1126 482; x_wconf 42' lang='grc' dir='ltr'><strong>θ’</strong></span> <span class='ocrx_word' id='word_1_20' title='bbox 1126 442 1183 487; x_wconf 67' lang='grc' dir='ltr'><em>Ψέ</em></span> <span class='ocrx_word' id='word_1_21' title='bbox 1208 450 1227 469; x_wconf 66' lang='lat'>‘</span> 
     </span>
    </p>
   </div>
   <div class='ocr_carea' id='block_1_4' title="bbox 210 503 1040 1377">
    <p class='ocr_par' dir='ltr' id='par_1_4' title="bbox 210 503 1040 1377">
     <span class='ocr_line' id='line_1_6' title="bbox 213 503 988 558; baseline 0.004 -16"><span class='ocrx_word' id='word_1_22' title='bbox 213 503 442 543; x_wconf 91' lang='lat' dir='ltr'><strong>aureorum</strong></span> <span class='ocrx_word' id='word_1_23' title='bbox 464 503 598 544; x_wconf 89' lang='lat' dir='ltr'><strong>millia</strong></span> <span class='ocrx_word' id='word_1_24' title='bbox 615 504 687 556; x_wconf 92' lang='lat' dir='ltr'><strong>pie</strong></span> <span class='ocrx_word' id='word_1_25' title='bbox 707 505 988 558; x_wconf 76' lang='lat' dir='ltr'><strong>consampsit.</strong></span> 
     </span>
     <span class='ocr_line' id='line_1_7' title="bbox 268 568 1039 623; baseline 0.007 -16"><span class='ocrx_word' id='word_1_26' title='bbox 268 569 316 619; x_wconf 60' lang='lat' dir='ltr'><strong>Rv.</strong></span> <span class='ocrx_word' id='word_1_27' title='bbox 346 568 480 609; x_wconf 91' lang='lat' dir='ltr'><strong>Posui</strong></span> <span class='ocrx_word' id='word_1_28' title='bbox 508 568 771 620; x_wconf 87' lang='lat' dir='ltr'><strong>adjutorium</strong></span> <span class='ocrx_word' id='word_1_29' title='bbox 803 583 936 623; x_wconf 91' lang='lat' dir='ltr'><strong>super</strong></span> <span class='ocrx_word' id='word_1_30' title='bbox 962 584 1039 623; x_wconf 91' lang='lat' dir='ltr'><strong>po-</strong></span> 
     </span>
     <span class='ocr_line' id='line_1_8' title="bbox 211 625 1040 673; baseline 0.005 -8"><span class='ocrx_word' id='word_1_31' title='bbox 211 625 392 673; x_wconf 89' lang='lat' dir='ltr'><strong>tentem,</strong></span> <span class='ocrx_word' id='word_1_32' title='bbox 442 630 484 667; x_wconf 91' lang='lat' dir='ltr'><strong>et</strong></span> <span class='ocrx_word' id='word_1_33' title='bbox 527 626 716 667; x_wconf 80' lang='lat' dir='ltr'><strong>exaltavi</strong></span> <span class='ocrx_word' id='word_1_34' title='bbox 757 626 943 668; x_wconf 87' lang='lat' dir='ltr'><strong>electum</strong></span> <span class='ocrx_word' id='word_1_35' title='bbox 985 627 1040 669; x_wconf 91' lang='lat' dir='ltr'><strong>de</strong></span> 
     </span>
     <span class='ocr_line' id='line_1_9' title="bbox 211 679 1040 732; baseline 0.006 -12"><span class='ocrx_word' id='word_1_36' title='bbox 211 679 341 732; x_wconf 85' lang='lat' dir='ltr'><strong>plebe</strong></span> <span class='ocrx_word' id='word_1_37' title='bbox 382 694 496 722; x_wconf 91' lang='lat' dir='ltr'><strong>mea:</strong></span> <span class='ocrx_word' id='word_1_38' title='bbox 536 685 555 706; x_wconf 75' lang='grc'><strong><em>*</em></strong></span> <span class='ocrx_word' id='word_1_39' title='bbox 592 682 747 724; x_wconf 89' lang='lat' dir='ltr'><strong>Manus</strong></span> <span class='ocrx_word' id='word_1_40' title='bbox 789 683 902 724; x_wconf 90' lang='lat' dir='ltr'><strong>enim</strong></span> <span class='ocrx_word' id='word_1_41' title='bbox 942 697 1040 726; x_wconf 87' lang='lat' dir='ltr'><strong>mea</strong></span> 
     </span>
     <span class='ocr_line' id='line_1_10' title="bbox 213 735 1039 791; baseline 0.006 -14"><span class='ocrx_word' id='word_1_42' title='bbox 213 737 492 779; x_wconf 81' lang='lat' dir='ltr'><strong>auxiliabitur</strong></span> <span class='ocrx_word' id='word_1_43' title='bbox 517 739 574 788; x_wconf 92' lang='lat' dir='ltr'><strong>ei,</strong></span> <span class='ocrx_word' id='word_1_44' title='bbox 601 738 783 791; x_wconf 77' lang='lat' dir='ltr'><strong>allehija.</strong></span> <span class='ocrx_word' id='word_1_45' title='bbox 816 735 864 785; x_wconf 67' lang='lat' dir='ltr'><strong>V.</strong></span> <span class='ocrx_word' id='word_1_46' title='bbox 887 741 1039 782; x_wconf 90' lang='lat' dir='ltr'><strong>Inveni</strong></span> 
     </span>
     <span class='ocr_line' id='line_1_11' title="bbox 211 793 1038 846; baseline 0.008 -13"><span class='ocrx_word' id='word_1_47' title='bbox 211 793 355 835; x_wconf 91' lang='lat' dir='ltr'><strong>David</strong></span> <span class='ocrx_word' id='word_1_48' title='bbox 381 807 554 835; x_wconf 92' lang='lat' dir='ltr'><strong>servum</strong></span> <span class='ocrx_word' id='word_1_49' title='bbox 573 808 733 846; x_wconf 90' lang='lat' dir='ltr'><strong>meum,</strong></span> <span class='ocrx_word' id='word_1_50' title='bbox 763 796 860 838; x_wconf 92' lang='lat' dir='ltr'><strong>oleo</strong></span> <span class='ocrx_word' id='word_1_51' title='bbox 886 803 1038 840; x_wconf 92' lang='lat' dir='ltr'><strong>sancto</strong></span> 
     </span>
     <span class='ocr_line' id='line_1_12' title="bbox 211 851 758 894; baseline 0.007 -4"><span class='ocrx_word' id='word_1_52' title='bbox 211 851 432 891; x_wconf 82' lang='lat' dir='ltr'><strong>meo&#39;unxi</strong></span> <span class='ocrx_word' id='word_1_53' title='bbox 453 864 563 892; x_wconf 90' lang='lat' dir='ltr'><strong>eum.</strong></span> <span class='ocrx_word' id='word_1_54' title='bbox 592 852 758 894; x_wconf 89' lang='lat' dir='ltr'><strong>Manus.</strong></span> 
     </span>
     <span class='ocr_line' id='line_1_13' title="bbox 520 922 737 963; baseline 0.014 -4"><span class='ocrx_word' id='word_1_55' title='bbox 520 922 664 963; x_wconf 69' lang='lat' dir='ltr'><strong>Lectio</strong></span> <span class='ocrx_word' id='word_1_56' title='bbox 688 924 737 962; x_wconf 79' lang='lat' dir='ltr'><strong>vi.</strong></span> 
     </span>
     <span class='ocr_line' id='line_1_14' title="bbox 215 976 1039 1081; baseline 0.008 -61"><span class='ocrx_word' id='word_1_57' title='bbox 215 976 452 1081; x_wconf 85' lang='lat' dir='ltr'><strong>Mirifico</strong></span> <span class='ocrx_word' id='word_1_58' title='bbox 487 983 617 1024; x_wconf 89' lang='lat' dir='ltr'><strong>etiam</strong></span> <span class='ocrx_word' id='word_1_59' title='bbox 649 984 963 1026; x_wconf 85' lang='lat' dir='ltr'><strong>conservandae</strong></span> <span class='ocrx_word' id='word_1_60' title='bbox 996 990 1039 1027; x_wconf 87' lang='lat' dir='ltr'><strong>et</strong></span> 
     </span>
     <span class='ocr_line' id='line_1_15' title="bbox 340 1039 1037 1091; baseline 0.007 -13"><span class='ocrx_word' id='word_1_61' title='bbox 340 1039 639 1091; x_wconf 66' lang='lat' dir='ltr'>propagandae</span> <span class='ocrx_word' id='word_1_62' title='bbox 682 1040 903 1091; x_wconf 68' lang='lat' dir='ltr'><strong>religionis</strong></span> <span class='ocrx_word' id='word_1_63' title='bbox 941 1042 1037 1083; x_wconf 84' lang='lat' dir='ltr'><strong>zelo</strong></span> 
     </span>
     <span class='ocr_line' id='line_1_16' title="bbox 211 1094 1039 1151; baseline 0.006 -17"><span class='ocrx_word' id='word_1_64' title='bbox 211 1094 422 1145; x_wconf 87' lang='lat' dir='ltr'><strong>flagravit.</strong></span> <span class='ocrx_word' id='word_1_65' title='bbox 474 1095 712 1138; x_wconf 88' lang='lat' dir='ltr'><strong>Macarium</strong></span> <span class='ocrx_word' id='word_1_66' title='bbox 743 1098 1039 1151; x_wconf 66' lang='lat' dir='ltr'>patriarcham</span> 
     </span>
     <span class='ocr_line' id='line_1_17' title="bbox 211 1151 1037 1208; baseline 0.006 -17"><span class='ocrx_word' id='word_1_67' title='bbox 211 1151 542 1203; x_wconf 86' lang='lat' dir='ltr'><strong>Antiochenum,</strong></span> <span class='ocrx_word' id='word_1_68' title='bbox 563 1167 587 1195; x_wconf 91' lang='lat' dir='ltr'><strong>a</strong></span> <span class='ocrx_word' id='word_1_69' title='bbox 608 1159 731 1196; x_wconf 81' lang='lat' dir='ltr'><strong>sexta</strong></span> <span class='ocrx_word' id='word_1_70' title='bbox 748 1153 918 1207; x_wconf 80' lang='lat' dir='ltr'><strong>sy&#39;nodo</strong></span> <span class='ocrx_word' id='word_1_71' title='bbox 939 1168 1037 1208; x_wconf 92' lang='lat' dir='ltr'><strong>pro-</strong></span> 
     </span>
     <span class='ocr_line' id='line_1_18' title="bbox 210 1208 1037 1263; baseline 0.006 -14"><span class='ocrx_word' id='word_1_72' title='bbox 210 1212 309 1259; x_wconf 90' lang='lat' dir='ltr'><strong>pter</strong></span> <span class='ocrx_word' id='word_1_73' title='bbox 341 1208 544 1250; x_wconf 84' lang='lat' dir='ltr'><strong>haeresim</strong></span> <span class='ocrx_word' id='word_1_74' title='bbox 579 1209 847 1263; x_wconf 90' lang='lat' dir='ltr'><strong>depositum,</strong></span> <span class='ocrx_word' id='word_1_75' title='bbox 885 1211 942 1254; x_wconf 91' lang='lat' dir='ltr'><strong>ad</strong></span> <span class='ocrx_word' id='word_1_76' title='bbox 974 1225 1037 1253; x_wconf 93' lang='lat' dir='ltr'><strong>sa—</strong></span> 
     </span>
     <span class='ocr_line' id='line_1_19' title="bbox 211 1264 1036 1310; baseline 0.007 -6"><span class='ocrx_word' id='word_1_77' title='bbox 211 1264 377 1305; x_wconf 92' lang='lat' dir='ltr'><strong>niorem</strong></span> <span class='ocrx_word' id='word_1_78' title='bbox 404 1271 595 1307; x_wconf 90' lang='lat' dir='ltr'><strong>mentem</strong></span> <span class='ocrx_word' id='word_1_79' title='bbox 622 1267 833 1309; x_wconf 91' lang='lat' dir='ltr'><strong>reducere</strong></span> <span class='ocrx_word' id='word_1_80' title='bbox 867 1282 1036 1310; x_wconf 90' lang='lat' dir='ltr'><strong>summo</strong></span> 
     </span>
     <span class='ocr_line' id='line_1_20' title="bbox 211 1320 1037 1377; baseline 0.007 -16"><span class='ocrx_word' id='word_1_81' title='bbox 211 1320 356 1362; x_wconf 90' lang='lat' dir='ltr'><strong>studio</strong></span> <span class='ocrx_word' id='word_1_82' title='bbox 395 1321 623 1364; x_wconf 88' lang='lat' dir='ltr'><strong>laboravit.</strong></span> <span class='ocrx_word' id='word_1_83' title='bbox 685 1324 869 1377; x_wconf 87' lang='lat' dir='ltr'><strong>Scriptis</strong></span> <span class='ocrx_word' id='word_1_84' title='bbox 908 1326 1037 1367; x_wconf 90' lang='lat' dir='ltr'><strong>etiam</strong></span> 
     </span>
    </p>
   </div>
   <div class='ocr_carea' id='block_1_5' title="bbox 211 1376 1038 1433">
    <p class='ocr_par' dir='ltr' id='par_1_5' title="bbox 211 1376 1038 1433">
     <span class='ocr_line' id='line_1_21' title="bbox 211 1376 1038 1433; baseline 0.006 -15"><span class='ocrx_word' id='word_1_85' title='bbox 211 1376 267 1418; x_wconf 92' lang='lat' dir='ltr'><strong>ad</strong></span> <span class='ocrx_word' id='word_1_86' title='bbox 313 1380 548 1431; x_wconf 91' lang='lat' dir='ltr'><strong>episcopos</strong></span> <span class='ocrx_word' id='word_1_87' title='bbox 594 1380 820 1433; x_wconf 81' lang='lat' dir='ltr'><strong>Hispaniae</strong></span> <span class='ocrx_word' id='word_1_88' title='bbox 864 1381 1038 1432; x_wconf 87' lang='lat' dir='ltr'><strong>litteris,</strong></span> 
     </span>
    </p>
   </div>
   <div class='ocr_carea' id='block_1_6' title="bbox 209 1434 1037 1988">
    <p class='ocr_par' dir='ltr' id='par_1_6' title="bbox 209 1434 1037 1988">
     <span class='ocr_line' id='line_1_22' title="bbox 211 1434 1037 1481; baseline 0.007 -7"><span class='ocrx_word' id='word_1_89' title='bbox 211 1434 390 1475; x_wconf 90' lang='lat' dir='ltr'><strong>eosdem</strong></span> <span class='ocrx_word' id='word_1_90' title='bbox 443 1437 611 1478; x_wconf 90' lang='lat' dir='ltr'><strong>monuit</strong></span> <span class='ocrx_word' id='word_1_91' title='bbox 664 1443 711 1479; x_wconf 88' lang='lat' dir='ltr'><strong>ut</strong></span> <span class='ocrx_word' id='word_1_92' title='bbox 764 1437 1037 1481; x_wconf 80' lang='lat' dir='ltr'><strong>declararent</strong></span> 
     </span>
     <span class='ocr_line' id='line_1_23' title="bbox 211 1491 1036 1546; baseline 0.008 -15"><span class='ocrx_word' id='word_1_93' title='bbox 211 1491 403 1543; x_wconf 78' lang='lat' dir='ltr'><strong>apertius</strong></span> <span class='ocrx_word' id='word_1_94' title='bbox 428 1498 471 1534; x_wconf 93' lang='lat' dir='ltr'><strong>et</strong></span> <span class='ocrx_word' id='word_1_95' title='bbox 495 1493 660 1543; x_wconf 87' lang='lat' dir='ltr'><strong>sanius,</strong></span> <span class='ocrx_word' id='word_1_96' title='bbox 690 1507 788 1546; x_wconf 91' lang='lat' dir='ltr'><strong>quae</strong></span> <span class='ocrx_word' id='word_1_97' title='bbox 814 1495 868 1537; x_wconf 93' lang='lat' dir='ltr'><strong>de</strong></span> <span class='ocrx_word' id='word_1_98' title='bbox 888 1496 1036 1537; x_wconf 91' lang='lat' dir='ltr'><strong>volun-</strong></span> 
     </span>
     <span class='ocr_line' id='line_1_24' title="bbox 210 1548 1036 1594; baseline 0.008 -7"><span class='ocrx_word' id='word_1_99' title='bbox 210 1549 300 1589; x_wconf 84' lang='lat' dir='ltr'><strong>tate</strong></span> <span class='ocrx_word' id='word_1_100' title='bbox 319 1548 403 1589; x_wconf 92' lang='lat' dir='ltr'><strong>Dei</strong></span> <span class='ocrx_word' id='word_1_101' title='bbox 427 1554 470 1590; x_wconf 88' lang='lat' dir='ltr'><strong>et</strong></span> <span class='ocrx_word' id='word_1_102' title='bbox 494 1549 635 1592; x_wconf 92' lang='lat' dir='ltr'><strong>tribus</strong></span> <span class='ocrx_word' id='word_1_103' title='bbox 657 1551 818 1593; x_wconf 89' lang='lat' dir='ltr'><strong>Christi</strong></span> <span class='ocrx_word' id='word_1_104' title='bbox 837 1552 1036 1594; x_wconf 87' lang='lat' dir='ltr'><strong>substan-</strong></span> 
     </span>
     <span class='ocr_line' id='line_1_25' title="bbox 209 1604 1036 1659; baseline 0.007 -14"><span class='ocrx_word' id='word_1_105' title='bbox 209 1604 281 1645; x_wconf 90' lang='lat' dir='ltr'><strong>tiis</strong></span> <span class='ocrx_word' id='word_1_106' title='bbox 301 1609 400 1646; x_wconf 88' lang='lat' dir='ltr'><strong>ante</strong></span> <span class='ocrx_word' id='word_1_107' title='bbox 417 1608 693 1659; x_wconf 83' lang='lat' dir='ltr'><strong>scripserant.</strong></span> <span class='ocrx_word' id='word_1_108' title='bbox 726 1608 1036 1651; x_wconf 83' lang='lat' dir='ltr'><strong>Constantinus</strong></span> 
     </span>
     <span class='ocr_line' id='line_1_26' title="bbox 211 1661 1035 1715; baseline 0.01 -15"><span class='ocrx_word' id='word_1_109' title='bbox 211 1673 315 1702; x_wconf 83' lang='lat' dir='ltr'><strong>vero</strong></span> <span class='ocrx_word' id='word_1_110' title='bbox 339 1661 578 1715; x_wconf 87' lang='lat' dir='ltr'><strong>imperator</strong></span> <span class='ocrx_word' id='word_1_111' title='bbox 602 1669 725 1706; x_wconf 90' lang='lat' dir='ltr'><strong>tanto</strong></span> <span class='ocrx_word' id='word_1_112' title='bbox 746 1665 867 1707; x_wconf 92' lang='lat' dir='ltr'><strong>illum</strong></span> <span class='ocrx_word' id='word_1_113' title='bbox 887 1668 1035 1708; x_wconf 91' lang='lat' dir='ltr'><strong>amore</strong></span> 
     </span>
     <span class='ocr_line' id='line_1_27' title="bbox 211 1716 1036 1772; baseline 0.01 -15"><span class='ocrx_word' id='word_1_114' title='bbox 211 1721 254 1757; x_wconf 92' lang='lat' dir='ltr'><strong>et</strong></span> <span class='ocrx_word' id='word_1_115' title='bbox 274 1716 439 1760; x_wconf 92' lang='lat' dir='ltr'><strong>honore</strong></span> <span class='ocrx_word' id='word_1_116' title='bbox 458 1723 719 1772; x_wconf 92' lang='lat' dir='ltr'><strong>prosecutus</strong></span> <span class='ocrx_word' id='word_1_117' title='bbox 741 1727 818 1772; x_wconf 91' lang='lat' dir='ltr'><strong>est,</strong></span> <span class='ocrx_word' id='word_1_118' title='bbox 838 1728 885 1764; x_wconf 93' lang='lat' dir='ltr'><strong>ut</strong></span> <span class='ocrx_word' id='word_1_119' title='bbox 906 1728 949 1764; x_wconf 92' lang='lat' dir='ltr'><strong>et</strong></span> <span class='ocrx_word' id='word_1_120' title='bbox 969 1736 1036 1764; x_wconf 91' lang='lat' dir='ltr'><strong>ca-</strong></span> 
     </span>
     <span class='ocr_line' id='line_1_28' title="bbox 210 1772 1035 1831; baseline 0.011 -18"><span class='ocrx_word' id='word_1_121' title='bbox 210 1772 338 1825; x_wconf 92' lang='lat' dir='ltr'><strong>pillos</strong></span> <span class='ocrx_word' id='word_1_122' title='bbox 363 1777 540 1818; x_wconf 90' lang='lat' dir='ltr'><strong>suorum</strong></span> <span class='ocrx_word' id='word_1_123' title='bbox 564 1777 769 1828; x_wconf 82' lang='lat' dir='ltr'><strong>filiorum,</strong></span> <span class='ocrx_word' id='word_1_124' title='bbox 797 1779 840 1820; x_wconf 93' lang='lat' dir='ltr'><strong>in</strong></span> <span class='ocrx_word' id='word_1_125' title='bbox 867 1780 1035 1831; x_wconf 91' lang='lat' dir='ltr'><strong>signum</strong></span> 
     </span>
     <span class='ocr_line' id='line_1_29' title="bbox 211 1820 1034 1882; baseline 0.011 -12"><span class='ocrx_word' id='word_1_126' title='bbox 211 1829 518 1882; x_wconf 87' lang='lat' dir='ltr'><strong>observantiae,</strong></span> <span class='ocrx_word' id='word_1_127' title='bbox 537 1833 599 1874; x_wconf 94' lang='lat' dir='ltr'><strong>illi</strong></span> <span class='ocrx_word' id='word_1_128' title='bbox 619 1820 840 1877; x_wconf 77' lang='lat' dir='ltr'><strong>obtfflerit.</strong></span> <span class='ocrx_word' id='word_1_129' title='bbox 874 1836 1034 1879; x_wconf 89' lang='lat' dir='ltr'><strong>Sancto</strong></span> 
     </span>
     <span class='ocr_line' id='line_1_30' title="bbox 209 1886 1034 1945; baseline 0.01 -18"><span class='ocrx_word' id='word_1_130' title='bbox 209 1886 386 1929; x_wconf 87' lang='lat' dir='ltr'><strong>tandem</strong></span> <span class='ocrx_word' id='word_1_131' title='bbox 418 1889 503 1931; x_wconf 93' lang='lat' dir='ltr'><strong>fine</strong></span> <span class='ocrx_word' id='word_1_132' title='bbox 539 1891 719 1942; x_wconf 88' lang='lat' dir='ltr'><strong>quievit,</strong></span> <span class='ocrx_word' id='word_1_133' title='bbox 761 1897 804 1934; x_wconf 90' lang='lat' dir='ltr'><strong>et</strong></span> <span class='ocrx_word' id='word_1_134' title='bbox 836 1893 1034 1945; x_wconf 83' lang='lat' dir='ltr'><strong>sepultus</strong></span> 
     </span>
     <span class='ocr_line' id='line_1_31' title="bbox 210 1944 584 1988; baseline 0.011 -4"><span class='ocrx_word' id='word_1_135' title='bbox 210 1944 306 1985; x_wconf 85' lang='lat' dir='ltr'><strong>est</strong></span> <span class='ocrx_word' id='word_1_136' title='bbox 294 1958 338 1985; x_wconf 90' lang='lat' dir='ltr'><strong>m</strong></span> <span class='ocrx_word' id='word_1_137' title='bbox 357 1945 584 1988; x_wconf 89' lang='lat' dir='ltr'><strong>Vaticano.</strong></span> 
     </span>
    </p>
   </div>
   <div class='ocr_carea' id='block_1_7' title="bbox 216 2009 1035 2172">
    <p class='ocr_par' dir='ltr' id='par_1_7' title="bbox 216 2009 1035 2172">
     <span class='ocr_line' id='line_1_32' title="bbox 266 2009 620 2064; baseline 0.012 -15"><span class='ocrx_word' id='word_1_138' title='bbox 266 2009 315 2060; x_wconf 90' lang='lat' dir='ltr'>R</span> <span class='ocrx_word' id='word_1_139' title='bbox 337 2010 426 2053; x_wconf 86' lang='lat' dir='ltr'><strong>Iste</strong></span> <span class='ocrx_word' id='word_1_140' title='bbox 449 2017 516 2053; x_wconf 90' lang='lat' dir='ltr'><strong>est</strong></span> <span class='ocrx_word' id='word_1_141' title='bbox 536 2013 620 2064; x_wconf 92' lang='lat' dir='ltr'><strong>qui.</strong></span> 
     </span>
     <span class='ocr_line' id='line_1_33' title="bbox 266 2077 1035 2124; baseline 0.007 -14"><span class='ocrx_word' id='word_1_142' title='bbox 266 2077 305 2110; x_wconf 82' lang='lat' dir='ltr'><strong>ln</strong></span> <span class='ocrx_word' id='word_1_143' title='bbox 333 2078 394 2111; x_wconf 87' lang='lat' dir='ltr'><strong>Ill.</strong></span> <span class='ocrx_word' id='word_1_144' title='bbox 416 2078 613 2112; x_wconf 69' lang='lat' dir='ltr'><strong>Nocturno</strong></span> <span class='ocrx_word' id='word_1_145' title='bbox 639 2080 808 2113; x_wconf 83' lang='lat' dir='ltr'><strong>llomilia</strong></span> <span class='ocrx_word' id='word_1_146' title='bbox 833 2081 870 2113; x_wconf 87' lang='lat' dir='ltr'><strong>in</strong></span> <span class='ocrx_word' id='word_1_147' title='bbox 891 2080 1035 2124; x_wconf 76' lang='lat' dir='ltr'><strong>Evang.</strong></span> 
     </span>
     <span class='ocr_line' id='line_1_34' title="bbox 216 2126 969 2172; baseline 0.004 -14"><span class='ocrx_word' id='word_1_148' title='bbox 216 2126 336 2162; x_wconf 87' lang='lat' dir='ltr'><strong>Homo</strong></span> <span class='ocrx_word' id='word_1_149' title='bbox 362 2129 530 2172; x_wconf 77' lang='lat' dir='ltr'><strong>peregre.</strong></span> <span class='ocrx_word' id='word_1_150' title='bbox 560 2127 605 2160; x_wconf 78' lang='lat' dir='ltr'><strong>de</strong></span> <span class='ocrx_word' id='word_1_151' title='bbox 632 2127 794 2162; x_wconf 74' lang='lat' dir='ltr'><strong>Comani</strong></span> <span class='ocrx_word' id='word_1_152' title='bbox 824 2129 846 2161; x_wconf 93' lang='grc'><strong>1.</strong></span> <span class='ocrx_word' id='word_1_153' title='bbox 874 2129 969 2163; x_wconf 80' lang='lat' dir='ltr'><strong>loco.</strong></span> 
     </span>
    </p>
   </div>
   <div class='ocr_carea' id='block_1_8' title="bbox 475 2229 760 2284">
    <p class='ocr_par' dir='ltr' id='par_1_8' title="bbox 475 2229 760 2284">
     <span class='ocr_line' id='line_1_35' title="bbox 475 2229 760 2284; baseline 0.014 -14"><span class='ocrx_word' id='word_1_154' title='bbox 475 2229 558 2272; x_wconf 75' lang='lat' dir='ltr'><strong>Die</strong></span> <span class='ocrx_word' id='word_1_155' title='bbox 578 2232 629 2272; x_wconf 95' lang='lat'><strong>11.</strong></span> <span class='ocrx_word' id='word_1_156' title='bbox 649 2231 760 2284; x_wconf 83' lang='lat' dir='ltr'><strong>Maji.</strong></span> 
     </span>
    </p>
   </div>
   <div class='ocr_carea' id='block_1_9' title="bbox 213 2296 1032 2755">
    <p class='ocr_par' dir='ltr' id='par_1_9' title="bbox 238 2296 1003 2403">
     <span class='ocr_line' id='line_1_36' title="bbox 238 2296 1003 2350; baseline 0.004 -13"><span class='ocrx_word' id='word_1_157' title='bbox 238 2296 280 2337; x_wconf 82' lang='lat' dir='ltr'><strong>S.</strong></span> <span class='ocrx_word' id='word_1_158' title='bbox 299 2297 576 2341; x_wconf 82' lang='lat' dir='ltr'><strong>Alexandri</strong></span> <span class='ocrx_word' id='word_1_159' title='bbox 594 2300 630 2342; x_wconf 92' lang='lat'><strong>1.</strong></span> <span class='ocrx_word' id='word_1_160' title='bbox 664 2300 791 2350; x_wconf 72' lang='lat' dir='ltr'><strong>l&#39;apae</strong></span> <span class='ocrx_word' id='word_1_161' title='bbox 818 2306 859 2340; x_wconf 82' lang='lat' dir='ltr'><strong>et</strong></span> <span class='ocrx_word' id='word_1_162' title='bbox 882 2301 1003 2341; x_wconf 84' lang='lat' dir='ltr'><strong>Mart.</strong></span> 
     </span>
     <span class='ocr_line' id='line_1_37' title="bbox 541 2360 701 2403; baseline 0.006 -10"><span class='ocrx_word' id='word_1_163' title='bbox 541 2360 701 2403; x_wconf 69' lang='lat' dir='ltr'><strong>Duplex.</strong></span> 
     </span>
    </p>

    <p class='ocr_par' dir='ltr' id='par_1_10' title="bbox 214 2419 1032 2510">
     <span class='ocr_line' id='line_1_38' title="bbox 263 2419 1032 2464; baseline 0.008 -15"><span class='ocrx_word' id='word_1_164' title='bbox 263 2419 394 2451; x_wconf 69' lang='lat' dir='ltr'><strong>Omnia</strong></span> <span class='ocrx_word' id='word_1_165' title='bbox 423 2419 469 2452; x_wconf 76' lang='lat' dir='ltr'><strong>dc</strong></span> <span class='ocrx_word' id='word_1_166' title='bbox 491 2419 633 2453; x_wconf 80' lang='lat' dir='ltr'><strong>Comm.</strong></span> <span class='ocrx_word' id='word_1_167' title='bbox 658 2420 770 2453; x_wconf 72' lang='lat' dir='ltr'><strong>unius</strong></span> <span class='ocrx_word' id='word_1_168' title='bbox 794 2420 897 2454; x_wconf 76' lang='lat' dir='ltr'><strong>Mart.</strong></span> <span class='ocrx_word' id='word_1_169' title='bbox 922 2427 1032 2464; x_wconf 77' lang='lat' dir='ltr'><strong>temp.</strong></span> 
     </span>
     <span class='ocr_line' id='line_1_39' title="bbox 214 2465 754 2510; baseline 0.007 -13"><span class='ocrx_word' id='word_1_170' title='bbox 214 2465 356 2501; x_wconf 54' lang='lat' dir='ltr'><strong>vast-h..</strong></span> <span class='ocrx_word' id='word_1_171' title='bbox 384 2473 520 2509; x_wconf 54' lang='lat' dir='ltr'><strong>praeter</strong></span> <span class='ocrx_word' id='word_1_172' title='bbox 546 2468 754 2510; x_wconf 59' lang='lat' dir='ltr'><strong>sequentia.</strong></span> 
     </span>
    </p>

    <p class='ocr_par' dir='ltr' id='par_1_11' title="bbox 264 2517 696 2558">
     <span class='ocr_line' id='line_1_40' title="bbox 264 2517 696 2558; baseline 0.021 -9"><span class='ocrx_word' id='word_1_173' title='bbox 264 2517 403 2552; x_wconf 66' lang='lat' dir='ltr'><strong>(nmio.</strong></span> <span class='ocrx_word' id='word_1_174' title='bbox 432 2519 696 2558; x_wconf 84' lang='lat' dir='ltr'><strong>Infirmitatem.</strong></span> 
     </span>
    </p>

    <p class='ocr_par' dir='ltr' id='par_1_12' title="bbox 214 2565 1030 2654">
     <span class='ocr_line' id='line_1_41' title="bbox 263 2565 1030 2606; baseline 0.01 -9"><span class='ocrx_word' id='word_1_175' title='bbox 263 2565 300 2598; x_wconf 79' lang='lat' dir='ltr'><strong>ln</strong></span> <span class='ocrx_word' id='word_1_176' title='bbox 336 2566 358 2599; x_wconf 85' lang='grc' dir='ltr'><strong>Ι,</strong></span> <span class='ocrx_word' id='word_1_177' title='bbox 393 2568 585 2601; x_wconf 58' lang='lat' dir='ltr'><strong>Nocturna</strong></span> <span class='ocrx_word' id='word_1_178' title='bbox 622 2570 821 2603; x_wconf 65' lang='lat' dir='ltr'><strong>Lectiones</strong></span> <span class='ocrx_word' id='word_1_179' title='bbox 855 2572 900 2605; x_wconf 77' lang='lat' dir='ltr'><strong>(ic</strong></span> <span class='ocrx_word' id='word_1_180' title='bbox 936 2572 1030 2606; x_wconf 58' lang='lat' dir='ltr'><strong>Scri-</strong></span> 
     </span>
     <span class='ocr_line' id='line_1_42' title="bbox 214 2618 575 2654; baseline 0.008 -8"><span class='ocrx_word' id='word_1_181' title='bbox 214 2618 319 2654; x_wconf 68' lang='lat' dir='ltr'><strong>ptura</strong></span> <span class='ocrx_word' id='word_1_182' title='bbox 348 2623 575 2649; x_wconf 63' lang='lat' dir='ltr'><strong>‹fu-currente.</strong></span> 
     </span>
    </p>

    <p class='ocr_par' dir='ltr' id='par_1_13' title="bbox 213 2666 1029 2755">
     <span class='ocr_line' id='line_1_43' title="bbox 266 2666 1029 2711; baseline 0.012 -13"><span class='ocrx_word' id='word_1_183' title='bbox 266 2666 301 2698; x_wconf 86' lang='lat' dir='ltr'><strong>ln</strong></span> <span class='ocrx_word' id='word_1_184' title='bbox 332 2666 437 2699; x_wconf 71' lang='lat' dir='ltr'><strong>Ferizn</strong></span> <span class='ocrx_word' id='word_1_185' title='bbox 470 2668 509 2702; x_wconf 84' lang='lat'><strong>1[.</strong></span> <span class='ocrx_word' id='word_1_186' title='bbox 537 2674 570 2702; x_wconf 75' lang='lat' dir='ltr'><strong>ct</strong></span> <span class='ocrx_word' id='word_1_187' title='bbox 598 2670 656 2703; x_wconf 62' lang='lat' dir='ltr'><strong>[V.</strong></span> <span class='ocrx_word' id='word_1_188' title='bbox 687 2671 899 2711; x_wconf 47' lang='lat' dir='ltr'><strong>Romamn..</strong></span> <span class='ocrx_word' id='word_1_189' title='bbox 931 2673 1029 2707; x_wconf 74' lang='lat' dir='ltr'><strong>Lect.</strong></span> 
     </span>
     <span class='ocr_line' id='line_1_44' title="bbox 213 2715 986 2755; baseline 0.009 -8"><span class='ocrx_word' id='word_1_190' title='bbox 213 2716 238 2747; x_wconf 65' lang='grc' dir='ltr'><strong>,Χ</strong></span> <span class='ocrx_word' id='word_1_191' title='bbox 266 2716 409 2753; x_wconf 76' lang='lat' dir='ltr'><strong>Mileto.</strong></span> <span class='ocrx_word' id='word_1_192' title='bbox 439 2715 483 2748; x_wconf 68' lang='lat' dir='ltr'><strong>(lc</strong></span> <span class='ocrx_word' id='word_1_193' title='bbox 511 2719 642 2752; x_wconf 73' lang='lat' dir='ltr'><strong>codem</strong></span> <span class='ocrx_word' id='word_1_194' title='bbox 670 2720 812 2753; x_wconf 75' lang='lat' dir='ltr'><strong>Comm.</strong></span> <span class='ocrx_word' id='word_1_195' title='bbox 842 2721 865 2753; x_wconf 90' lang='lat' dir='ltr'><strong>l.</strong></span> <span class='ocrx_word' id='word_1_196' title='bbox 892 2722 986 2755; x_wconf 76' lang='lat' dir='ltr'><strong>loco.</strong></span> 
     </span>
    </p>
   </div>
   <div class='ocr_carea' id='block_1_10' title="bbox 588 186 1556 231">
    <p class='ocr_par' dir='ltr' id='par_1_14' title="bbox 588 186 1556 231">
     <span class='ocr_line' id='line_1_45' title="bbox 588 186 1556 231; baseline 0.003 -12"><span class='ocrx_word' id='word_1_197' title='bbox 588 186 655 220; x_wconf 65' lang='lat' dir='ltr'><strong>Diu</strong></span> <span class='ocrx_word' id='word_1_198' title='bbox 686 187 729 219; x_wconf 87' lang='lat'><strong>11.</strong></span> <span class='ocrx_word' id='word_1_199' title='bbox 756 187 854 226; x_wconf 74' lang='lat' dir='ltr'><strong>Maii.</strong></span> <span class='ocrx_word' id='word_1_200' title='bbox 902 190 936 222; x_wconf 64' lang='lat' dir='ltr'><strong>S.</strong></span> <span class='ocrx_word' id='word_1_201' title='bbox 964 189 1173 222; x_wconf 61' lang='lat' dir='ltr'><strong>Alexandri</strong></span> <span class='ocrx_word' id='word_1_202' title='bbox 1200 189 1224 222; x_wconf 88' lang='lat' dir='ltr'><strong>l.</strong></span> <span class='ocrx_word' id='word_1_203' title='bbox 1252 188 1367 231; x_wconf 75' lang='lat' dir='ltr'><strong>Papae</strong></span> <span class='ocrx_word' id='word_1_204' title='bbox 1391 196 1426 223; x_wconf 75' lang='lat' dir='ltr'><strong>ct</strong></span> <span class='ocrx_word' id='word_1_205' title='bbox 1452 189 1556 222; x_wconf 75' lang='lat' dir='ltr'><strong>Mart.</strong></span> 
     </span>
    </p>
   </div>
   <div class='ocr_carea' id='block_1_11' title="bbox 1079 286 1922 2772">
    <p class='ocr_par' dir='ltr' id='par_1_15' title="bbox 1103 286 1920 454">
     <span class='ocr_line' id='line_1_46' title="bbox 1329 286 1688 326; baseline 0.006 -2"><span class='ocrx_word' id='word_1_206' title='bbox 1329 286 1377 324; x_wconf 91' lang='lat' dir='ltr'><strong>In</strong></span> <span class='ocrx_word' id='word_1_207' title='bbox 1396 287 1445 324; x_wconf 93' lang='lat' dir='ltr'><strong>II</strong></span> <span class='ocrx_word' id='word_1_208' title='bbox 1466 286 1688 326; x_wconf 78' lang='lat' dir='ltr'><strong>Nocturno.</strong></span> 
     </span>
     <span class='ocr_line' id='line_1_47' title="bbox 1398 341 1623 382; baseline 0.005 -1"><span class='ocrx_word' id='word_1_209' title='bbox 1398 341 1433 381; x_wconf 94' lang='lat' dir='ltr'>L</span> <span class='ocrx_word' id='word_1_210' title='bbox 1437 341 1550 382; x_wconf 85' lang='lat' dir='ltr'><strong>ectio</strong></span> <span class='ocrx_word' id='word_1_211' title='bbox 1571 343 1623 382; x_wconf 69' lang='lat' dir='ltr'><strong>ix.</strong></span> 
     </span>
     <span class='ocr_line' id='line_1_48' title="bbox 1102 393 1920 454; baseline 0.011 -22.011"><span class='ocrx_word' id='word_1_212' title='bbox 1102 402 1166 454; x_wconf 40' lang='lat' dir='ltr'><strong>*52:ss</strong></span> <span class='ocrx_word' id='word_1_213' title='bbox 1180 399 1228 452; x_wconf 66' lang='lat'><strong>²3:5²</strong></span> <span class='ocrx_word' id='word_1_214' title='bbox 1241 393 1452 436; x_wconf 86' lang='lat' dir='ltr'><strong>lexander</strong></span> <span class='ocrx_word' id='word_1_215' title='bbox 1471 395 1697 439; x_wconf 88' lang='lat' dir='ltr'><strong>Romanus</strong></span> <span class='ocrx_word' id='word_1_216' title='bbox 1722 410 1777 439; x_wconf 85' lang='lat' dir='ltr'><strong>ex</strong></span> <span class='ocrx_word' id='word_1_217' title='bbox 1794 403 1920 451; x_wconf 87' lang='lat' dir='ltr'><strong>patre</strong></span> 
     </span>
    </p>

    <p class='ocr_par' dir='ltr' id='par_1_16' title="bbox 1087 450 1922 1978">
     <span class='ocr_line' id='line_1_49' title="bbox 1129 450 1921 509; baseline 0.013 -21"><span class='ocrx_word' id='word_1_218' title='bbox 1129 485 1147 506; x_wconf 31' lang='lat' dir='ltr'><strong>,f</strong></span> <span class='ocrx_word' id='word_1_219' title='bbox 1259 450 1514 493; x_wconf 85' lang='lat' dir='ltr'><strong>Alexandro</strong></span> <span class='ocrx_word' id='word_1_220' title='bbox 1552 451 1608 495; x_wconf 93' lang='lat' dir='ltr'><strong>de</strong></span> <span class='ocrx_word' id='word_1_221' title='bbox 1643 454 1742 496; x_wconf 90' lang='lat' dir='ltr'><strong>vico</strong></span> <span class='ocrx_word' id='word_1_222' title='bbox 1777 455 1921 509; x_wconf 88' lang='lat' dir='ltr'><strong>Caput</strong></span> 
     </span>
     <span class='ocr_line' id='line_1_50' title="bbox 1101 471 1919 563; baseline 0.009 -16"><span class='ocrx_word' id='word_1_223' title='bbox 1101 471 1217 531; x_wconf 27' lang='grc' dir='ltr'><strong>Α”Ῡλῖιζὶ</strong></span> <span class='ocrx_word' id='word_1_224' title='bbox 1257 507 1407 557; x_wconf 81' lang='lat' dir='ltr'><strong>Tauri,</strong></span> <span class='ocrx_word' id='word_1_225' title='bbox 1433 508 1598 559; x_wconf 92' lang='lat' dir='ltr'><strong>juvenis</strong></span> <span class='ocrx_word' id='word_1_226' title='bbox 1620 510 1797 563; x_wconf 93' lang='lat' dir='ltr'><strong>quidem</strong></span> <span class='ocrx_word' id='word_1_227' title='bbox 1817 514 1919 554; x_wconf 88' lang='lat' dir='ltr'><strong>aeta-</strong></span> 
     </span>
     <span class='ocr_line' id='line_1_51' title="bbox 1092 564 1920 620; baseline 0.005 -14"><span class='ocrx_word' id='word_1_228' title='bbox 1092 570 1154 615; x_wconf 90' lang='lat' dir='ltr'><strong>te,</strong></span> <span class='ocrx_word' id='word_1_229' title='bbox 1186 564 1266 606; x_wconf 91' lang='lat' dir='ltr'><strong>sed</strong></span> <span class='ocrx_word' id='word_1_230' title='bbox 1301 565 1532 606; x_wconf 85' lang='lat' dir='ltr'><strong>sanctitate</strong></span> <span class='ocrx_word' id='word_1_231' title='bbox 1564 566 1920 620; x_wconf 83' lang='lat' dir='ltr'><strong>incomparabilis</strong></span> 
     </span>
     <span class='ocr_line' id='line_1_52' title="bbox 1093 620 1921 675; baseline 0.005 -12"><span class='ocrx_word' id='word_1_232' title='bbox 1093 627 1136 663; x_wconf 88' lang='lat' dir='ltr'><strong>et</strong></span> <span class='ocrx_word' id='word_1_233' title='bbox 1155 620 1244 663; x_wconf 90' lang='lat' dir='ltr'><strong>fide</strong></span> <span class='ocrx_word' id='word_1_234' title='bbox 1259 620 1536 672; x_wconf 90' lang='lat' dir='ltr'><strong>clarissimus,</strong></span> <span class='ocrx_word' id='word_1_235' title='bbox 1555 627 1659 675; x_wconf 91' lang='lat' dir='ltr'><strong>post</strong></span> <span class='ocrx_word' id='word_1_236' title='bbox 1671 623 1921 667; x_wconf 88' lang='lat' dir='ltr'><strong>Evaristum</strong></span> 
     </span>
     <span class='ocr_line' id='line_1_53' title="bbox 1093 677 1920 730; baseline 0.004 -10"><span class='ocrx_word' id='word_1_237' title='bbox 1093 678 1243 720; x_wconf 92' lang='lat' dir='ltr'><strong>sedem</strong></span> <span class='ocrx_word' id='word_1_238' title='bbox 1275 677 1583 730; x_wconf 89' lang='lat' dir='ltr'><strong>Apostolicam</strong></span> <span class='ocrx_word' id='word_1_239' title='bbox 1619 679 1818 723; x_wconf 84' lang='lat' dir='ltr'><strong>obtinuit.</strong></span> <span class='ocrx_word' id='word_1_240' title='bbox 1869 682 1920 723; x_wconf 90' lang='lat' dir='ltr'><strong>In</strong></span> 
     </span>
     <span class='ocr_line' id='line_1_54' title="bbox 1092 735 1920 791; baseline 0.006 -16"><span class='ocrx_word' id='word_1_241' title='bbox 1092 735 1347 776; x_wconf 87' lang='lat' dir='ltr'><strong>memoriam</strong></span> <span class='ocrx_word' id='word_1_242' title='bbox 1378 736 1597 787; x_wconf 81' lang='lat' dir='ltr'><strong>passionis</strong></span> <span class='ocrx_word' id='word_1_243' title='bbox 1628 736 1803 787; x_wconf 88' lang='lat' dir='ltr'><strong>Christi,</strong></span> <span class='ocrx_word' id='word_1_244' title='bbox 1834 739 1920 791; x_wconf 89' lang='lat' dir='ltr'><strong>pri-</strong></span> 
     </span>
     <span class='ocr_line' id='line_1_55' title="bbox 1091 791 1919 837; baseline 0.007 -6"><span class='ocrx_word' id='word_1_245' title='bbox 1091 805 1188 832; x_wconf 92' lang='lat' dir='ltr'><strong>mus</strong></span> <span class='ocrx_word' id='word_1_246' title='bbox 1219 792 1265 832; x_wconf 89' lang='lat' dir='ltr'><strong>in</strong></span> <span class='ocrx_word' id='word_1_247' title='bbox 1295 791 1512 833; x_wconf 90' lang='lat' dir='ltr'><strong>sacrificio</strong></span> <span class='ocrx_word' id='word_1_248' title='bbox 1545 792 1694 834; x_wconf 83' lang='lat' dir='ltr'><strong>Missae</strong></span> <span class='ocrx_word' id='word_1_249' title='bbox 1731 793 1919 837; x_wconf 90' lang='lat' dir='ltr'><strong>addidit:</strong></span> 
     </span>
     <span class='ocr_line' id='line_1_56' title="bbox 1093 848 1920 904; baseline 0.006 -16"><span class='ocrx_word' id='word_1_250' title='bbox 1093 849 1175 898; x_wconf 93' lang='lat' dir='ltr'><strong>Qui</strong></span> <span class='ocrx_word' id='word_1_251' title='bbox 1199 848 1342 901; x_wconf 91' lang='lat' dir='ltr'><strong>pridie</strong></span> <span class='ocrx_word' id='word_1_252' title='bbox 1367 861 1498 900; x_wconf 87' lang='lat' dir='ltr'><strong>quam</strong></span> <span class='ocrx_word' id='word_1_253' title='bbox 1515 852 1755 901; x_wconf 83' lang='lat' dir='ltr'><strong>pateretur3</strong></span> <span class='ocrx_word' id='word_1_254' title='bbox 1781 864 1920 904; x_wconf 89' lang='lat' dir='ltr'><strong>usque</strong></span> 
     </span>
     <span class='ocr_line' id='line_1_57' title="bbox 1092 904 1920 960; baseline 0.006 -15"><span class='ocrx_word' id='word_1_255' title='bbox 1092 904 1148 946; x_wconf 90' lang='lat' dir='ltr'><strong>ad</strong></span> <span class='ocrx_word' id='word_1_256' title='bbox 1174 918 1225 946; x_wconf 92' lang='lat' dir='ltr'><strong>ea</strong></span> <span class='ocrx_word' id='word_1_257' title='bbox 1250 904 1398 947; x_wconf 85' lang='lat' dir='ltr'><strong>verba:</strong></span> <span class='ocrx_word' id='word_1_258' title='bbox 1426 905 1526 947; x_wconf 93' lang='lat' dir='ltr'><strong>Hoc</strong></span> <span class='ocrx_word' id='word_1_259' title='bbox 1550 911 1616 947; x_wconf 90' lang='lat' dir='ltr'><strong>est</strong></span> <span class='ocrx_word' id='word_1_260' title='bbox 1637 906 1809 960; x_wconf 89' lang='lat' dir='ltr'><strong>Corpus</strong></span> <span class='ocrx_word' id='word_1_261' title='bbox 1834 921 1920 950; x_wconf 91' lang='lat' dir='ltr'><strong>me-</strong></span> 
     </span>
     <span class='ocr_line' id='line_1_58' title="bbox 1091 961 1919 1018; baseline 0.007 -17"><span class='ocrx_word' id='word_1_262' title='bbox 1091 975 1175 1002; x_wconf 89' lang='lat' dir='ltr'><strong>um.</strong></span> <span class='ocrx_word' id='word_1_263' title='bbox 1214 961 1410 1002; x_wconf 88' lang='lat' dir='ltr'><strong>Instituit</strong></span> <span class='ocrx_word' id='word_1_264' title='bbox 1436 967 1485 1003; x_wconf 94' lang='lat' dir='ltr'><strong>ut</strong></span> <span class='ocrx_word' id='word_1_265' title='bbox 1512 963 1818 1006; x_wconf 76' lang='lat' dir='ltr'><strong>tantammodo</strong></span> <span class='ocrx_word' id='word_1_266' title='bbox 1845 978 1919 1018; x_wconf 91' lang='lat' dir='ltr'><strong>pa-</strong></span> 
     </span>
     <span class='ocr_line' id='line_1_59' title="bbox 1091 1018 1919 1072; baseline 0.006 -13"><span class='ocrx_word' id='word_1_267' title='bbox 1091 1019 1158 1060; x_wconf 90' lang='lat' dir='ltr'><strong>nis</strong></span> <span class='ocrx_word' id='word_1_268' title='bbox 1174 1024 1217 1060; x_wconf 92' lang='lat' dir='ltr'><strong>et</strong></span> <span class='ocrx_word' id='word_1_269' title='bbox 1231 1019 1379 1059; x_wconf 89' lang='lat' dir='ltr'><strong>vinum</strong></span> <span class='ocrx_word' id='word_1_270' title='bbox 1394 1018 1438 1059; x_wconf 94' lang='lat' dir='ltr'><strong>in</strong></span> <span class='ocrx_word' id='word_1_271' title='bbox 1451 1020 1661 1071; x_wconf 92' lang='lat' dir='ltr'><strong>mysterio</strong></span> <span class='ocrx_word' id='word_1_272' title='bbox 1677 1020 1919 1072; x_wconf 86' lang='lat' dir='ltr'><strong>offerretur,</strong></span> 
     </span>
     <span class='ocr_line' id='line_1_60' title="bbox 1092 1075 1922 1130; baseline 0.006 -14"><span class='ocrx_word' id='word_1_273' title='bbox 1092 1081 1224 1128; x_wconf 86' lang='lat' dir='ltr'><strong>atque</strong></span> <span class='ocrx_word' id='word_1_274' title='bbox 1243 1075 1287 1116; x_wconf 91' lang='lat' dir='ltr'><strong>in</strong></span> <span class='ocrx_word' id='word_1_275' title='bbox 1306 1076 1638 1117; x_wconf 89' lang='lat' dir='ltr'><strong>consecratione</strong></span> <span class='ocrx_word' id='word_1_276' title='bbox 1658 1078 1858 1130; x_wconf 91' lang='lat' dir='ltr'><strong>corporis</strong></span> <span class='ocrx_word' id='word_1_277' title='bbox 1877 1084 1922 1121; x_wconf 89' lang='lat' dir='ltr'><strong>et</strong></span> 
     </span>
     <span class='ocr_line' id='line_1_61' title="bbox 1091 1132 1918 1186; baseline 0.005 -14"><span class='ocrx_word' id='word_1_278' title='bbox 1091 1132 1312 1183; x_wconf 88' lang='lat' dir='ltr'><strong>sanguinis</strong></span> <span class='ocrx_word' id='word_1_279' title='bbox 1332 1132 1509 1173; x_wconf 92' lang='lat' dir='ltr'><strong>Domini</strong></span> <span class='ocrx_word' id='word_1_280' title='bbox 1532 1133 1681 1175; x_wconf 90' lang='lat' dir='ltr'><strong>vinum</strong></span> <span class='ocrx_word' id='word_1_281' title='bbox 1705 1146 1819 1186; x_wconf 89' lang='lat' dir='ltr'><strong>aqua</strong></span> <span class='ocrx_word' id='word_1_282' title='bbox 1843 1136 1918 1176; x_wconf 91' lang='lat' dir='ltr'><strong>mi-</strong></span> 
     </span>
     <span class='ocr_line' id='line_1_62' title="bbox 1091 1190 1920 1242; baseline 0.006 -13"><span class='ocrx_word' id='word_1_283' title='bbox 1091 1190 1300 1238; x_wconf 89' lang='lat' dir='ltr'><strong>sceretur,</strong></span> <span class='ocrx_word' id='word_1_284' title='bbox 1344 1195 1529 1242; x_wconf 91' lang='lat' dir='ltr'><strong>propter</strong></span> <span class='ocrx_word' id='word_1_285' title='bbox 1575 1191 1830 1241; x_wconf 88' lang='lat' dir='ltr'><strong>sanguinem</strong></span> <span class='ocrx_word' id='word_1_286' title='bbox 1875 1197 1920 1234; x_wconf 90' lang='lat' dir='ltr'><strong>et</strong></span> 
     </span>
     <span class='ocr_line' id='line_1_63' title="bbox 1091 1246 1919 1298; baseline 0.005 -12"><span class='ocrx_word' id='word_1_287' title='bbox 1091 1258 1260 1297; x_wconf 90' lang='lat' dir='ltr'><strong>aquam,</strong></span> <span class='ocrx_word' id='word_1_288' title='bbox 1284 1258 1382 1298; x_wconf 86' lang='lat' dir='ltr'><strong>quae</strong></span> <span class='ocrx_word' id='word_1_289' title='bbox 1403 1258 1458 1287; x_wconf 82' lang='lat' dir='ltr'><strong>ex</strong></span> <span class='ocrx_word' id='word_1_290' title='bbox 1476 1246 1500 1287; x_wconf 91' lang='lat' dir='ltr'><strong>J</strong></span> <span class='ocrx_word' id='word_1_291' title='bbox 1504 1259 1580 1287; x_wconf 93' lang='lat' dir='ltr'><strong>esu</strong></span> <span class='ocrx_word' id='word_1_292' title='bbox 1601 1246 1763 1288; x_wconf 91' lang='lat' dir='ltr'><strong>Christi</strong></span> <span class='ocrx_word' id='word_1_293' title='bbox 1781 1247 1919 1290; x_wconf 88' lang='lat' dir='ltr'><strong>latere</strong></span> 
     </span>
     <span class='ocr_line' id='line_1_64' title="bbox 1090 1302 1919 1355; baseline 0.005 -13"><span class='ocrx_word' id='word_1_294' title='bbox 1090 1302 1404 1354; x_wconf 83' lang='lat' dir='ltr'><strong>profluxerunt.</strong></span> <span class='ocrx_word' id='word_1_295' title='bbox 1463 1302 1587 1344; x_wconf 91' lang='lat' dir='ltr'><strong>Idem</strong></span> <span class='ocrx_word' id='word_1_296' title='bbox 1624 1302 1835 1355; x_wconf 88' lang='lat' dir='ltr'><strong>decrevit,</strong></span> <span class='ocrx_word' id='word_1_297' title='bbox 1870 1310 1919 1347; x_wconf 92' lang='lat' dir='ltr'><strong>ut</strong></span> 
     </span>
     <span class='ocr_line' id='line_1_65' title="bbox 1091 1358 1918 1411; baseline 0.004 -12"><span class='ocrx_word' id='word_1_298' title='bbox 1091 1371 1205 1411; x_wconf 90' lang='lat' dir='ltr'><strong>aqua</strong></span> <span class='ocrx_word' id='word_1_299' title='bbox 1232 1358 1465 1400; x_wconf 92' lang='lat' dir='ltr'><strong>benedicta</strong></span> <span class='ocrx_word' id='word_1_300' title='bbox 1493 1358 1584 1400; x_wconf 90' lang='lat' dir='ltr'><strong>sale</strong></span> <span class='ocrx_word' id='word_1_301' title='bbox 1614 1359 1825 1410; x_wconf 84' lang='lat' dir='ltr'><strong>admixta,</strong></span> <span class='ocrx_word' id='word_1_302' title='bbox 1853 1374 1918 1403; x_wconf 90' lang='lat' dir='ltr'><strong>sa-</strong></span> 
     </span>
     <span class='ocr_line' id='line_1_66' title="bbox 1091 1415 1918 1468; baseline 0.005 -13"><span class='ocrx_word' id='word_1_303' title='bbox 1091 1415 1176 1456; x_wconf 91' lang='lat' dir='ltr'><strong>cris</strong></span> <span class='ocrx_word' id='word_1_304' title='bbox 1203 1415 1409 1468; x_wconf 86' lang='lat' dir='ltr'><strong>precibus</strong></span> <span class='ocrx_word' id='word_1_305' title='bbox 1437 1416 1726 1468; x_wconf 87' lang='lat' dir='ltr'><strong>interpositis,</strong></span> <span class='ocrx_word' id='word_1_306' title='bbox 1758 1421 1848 1459; x_wconf 89' lang='lat' dir='ltr'><strong>tam</strong></span> <span class='ocrx_word' id='word_1_307' title='bbox 1874 1418 1918 1459; x_wconf 93' lang='lat' dir='ltr'><strong>in</strong></span> 
     </span>
     <span class='ocr_line' id='line_1_67' title="bbox 1090 1472 1917 1524; baseline 0.005 -12"><span class='ocrx_word' id='word_1_308' title='bbox 1090 1472 1265 1524; x_wconf 89' lang='lat' dir='ltr'><strong>templis</strong></span> <span class='ocrx_word' id='word_1_309' title='bbox 1294 1485 1424 1524; x_wconf 91' lang='lat' dir='ltr'><strong>quam</strong></span> <span class='ocrx_word' id='word_1_310' title='bbox 1453 1472 1497 1512; x_wconf 92' lang='lat' dir='ltr'><strong>in</strong></span> <span class='ocrx_word' id='word_1_311' title='bbox 1521 1472 1750 1522; x_wconf 88' lang='lat' dir='ltr'><strong>cubiculis,</strong></span> <span class='ocrx_word' id='word_1_312' title='bbox 1777 1472 1835 1515; x_wconf 91' lang='lat' dir='ltr'><strong>ad</strong></span> <span class='ocrx_word' id='word_1_313' title='bbox 1857 1474 1917 1516; x_wconf 91' lang='lat' dir='ltr'><strong>fu-</strong></span> 
     </span>
     <span class='ocr_line' id='line_1_68' title="bbox 1089 1527 1917 1582; baseline 0.005 -13"><span class='ocrx_word' id='word_1_314' title='bbox 1089 1527 1258 1579; x_wconf 90' lang='lat' dir='ltr'><strong>gandos</strong></span> <span class='ocrx_word' id='word_1_315' title='bbox 1286 1528 1510 1571; x_wconf 75' lang='lat' dir='ltr'><strong>daemones</strong></span> <span class='ocrx_word' id='word_1_316' title='bbox 1535 1531 1752 1582; x_wconf 88' lang='lat' dir='ltr'><strong>perpetuo</strong></span> <span class='ocrx_word' id='word_1_317' title='bbox 1778 1543 1917 1579; x_wconf 85' lang='lat' dir='ltr'><strong>asser-</strong></span> 
     </span>
     <span class='ocr_line' id='line_1_69' title="bbox 1090 1586 1918 1629; baseline 0.004 -3"><span class='ocrx_word' id='word_1_318' title='bbox 1090 1587 1276 1627; x_wconf 84' lang='lat' dir='ltr'><strong>varetur.</strong></span> <span class='ocrx_word' id='word_1_319' title='bbox 1305 1586 1414 1627; x_wconf 92' lang='lat' dir='ltr'><strong>Cum</strong></span> <span class='ocrx_word' id='word_1_320' title='bbox 1431 1591 1576 1628; x_wconf 85' lang='lat' dir='ltr'><strong>autem</strong></span> <span class='ocrx_word' id='word_1_321' title='bbox 1592 1591 1709 1628; x_wconf 89' lang='lat' dir='ltr'><strong>esset</strong></span> <span class='ocrx_word' id='word_1_322' title='bbox 1724 1586 1918 1629; x_wconf 90' lang='lat' dir='ltr'><strong>christia-</strong></span> 
     </span>
     <span class='ocr_line' id='line_1_70' title="bbox 1089 1640 1917 1697; baseline 0.005 -15"><span class='ocrx_word' id='word_1_323' title='bbox 1089 1655 1157 1683; x_wconf 88' lang='lat' dir='ltr'><strong>nae</strong></span> <span class='ocrx_word' id='word_1_324' title='bbox 1169 1640 1171 1643; x_wconf 79' lang='grc'><strong>’</strong></span> <span class='ocrx_word' id='word_1_325' title='bbox 1185 1642 1406 1693; x_wconf 88' lang='lat' dir='ltr'><strong>religionis</strong></span> <span class='ocrx_word' id='word_1_326' title='bbox 1433 1642 1780 1685; x_wconf 89' lang='lat' dir='ltr'><strong>ferventissimus</strong></span> <span class='ocrx_word' id='word_1_327' title='bbox 1807 1657 1917 1697; x_wconf 85' lang='lat' dir='ltr'><strong>prae-</strong></span> 
     </span>
     <span class='ocr_line' id='line_1_71' title="bbox 1090 1698 1917 1749; baseline 0.005 -10"><span class='ocrx_word' id='word_1_328' title='bbox 1090 1698 1277 1749; x_wconf 88' lang='lat' dir='ltr'><strong>dicator,</strong></span> <span class='ocrx_word' id='word_1_329' title='bbox 1306 1699 1410 1740; x_wconf 94' lang='lat' dir='ltr'><strong>dum</strong></span> <span class='ocrx_word' id='word_1_330' title='bbox 1429 1699 1554 1749; x_wconf 82' lang='lat' dir='ltr'><strong>vixit,</strong></span> <span class='ocrx_word' id='word_1_331' title='bbox 1582 1700 1740 1741; x_wconf 91' lang='lat' dir='ltr'><strong>mirum</strong></span> <span class='ocrx_word' id='word_1_332' title='bbox 1764 1700 1809 1741; x_wconf 90' lang='lat' dir='ltr'><strong>in</strong></span> <span class='ocrx_word' id='word_1_333' title='bbox 1827 1713 1917 1743; x_wconf 93' lang='lat' dir='ltr'><strong>mo-</strong></span> 
     </span>
     <span class='ocr_line' id='line_1_72' title="bbox 1089 1754 1916 1807; baseline 0.004 -11"><span class='ocrx_word' id='word_1_334' title='bbox 1089 1754 1194 1796; x_wconf 90' lang='lat' dir='ltr'><strong>dum</strong></span> <span class='ocrx_word' id='word_1_335' title='bbox 1223 1755 1267 1796; x_wconf 91' lang='lat' dir='ltr'><strong>in</strong></span> <span class='ocrx_word' id='word_1_336' title='bbox 1299 1755 1384 1797; x_wconf 94' lang='lat' dir='ltr'><strong>hoc</strong></span> <span class='ocrx_word' id='word_1_337' title='bbox 1417 1756 1600 1807; x_wconf 89' lang='lat' dir='ltr'><strong>diligens</strong></span> <span class='ocrx_word' id='word_1_338' title='bbox 1632 1756 1730 1806; x_wconf 87' lang='lat' dir='ltr'><strong>fuit,</strong></span> <span class='ocrx_word' id='word_1_339' title='bbox 1761 1761 1809 1799; x_wconf 87' lang='lat' dir='ltr'><strong>ut</strong></span> <span class='ocrx_word' id='word_1_340' title='bbox 1841 1757 1916 1799; x_wconf 92' lang='lat' dir='ltr'><strong>do-</strong></span> 
     </span>
     <span class='ocr_line' id='line_1_73' title="bbox 1089 1812 1915 1866; baseline 0.004 -14"><span class='ocrx_word' id='word_1_341' title='bbox 1089 1814 1227 1853; x_wconf 89' lang='lat' dir='ltr'><strong>ctrina</strong></span> <span class='ocrx_word' id='word_1_342' title='bbox 1241 1812 1432 1865; x_wconf 70' lang='lat' dir='ltr'><strong>vitaeque</strong></span> <span class='ocrx_word' id='word_1_343' title='bbox 1450 1812 1664 1866; x_wconf 83' lang='lat' dir='ltr'><strong>exemplo,</strong></span> <span class='ocrx_word' id='word_1_344' title='bbox 1686 1817 1915 1865; x_wconf 74' lang='lat' dir='ltr'><strong>quosclim-</strong></span> 
     </span>
     <span class='ocr_line' id='line_1_74' title="bbox 1090 1869 1915 1921; baseline 0.004 -12"><span class='ocrx_word' id='word_1_345' title='bbox 1090 1881 1173 1920; x_wconf 90' lang='lat' dir='ltr'><strong>que</strong></span> <span class='ocrx_word' id='word_1_346' title='bbox 1192 1874 1362 1921; x_wconf 87' lang='lat' dir='ltr'><strong>posset,</strong></span> <span class='ocrx_word' id='word_1_347' title='bbox 1391 1869 1447 1911; x_wconf 94' lang='lat' dir='ltr'><strong>ad</strong></span> <span class='ocrx_word' id='word_1_348' title='bbox 1465 1882 1613 1911; x_wconf 89' lang='lat' dir='ltr'><strong>veram</strong></span> <span class='ocrx_word' id='word_1_349' title='bbox 1633 1869 1795 1912; x_wconf 90' lang='lat' dir='ltr'><strong>Christi</strong></span> <span class='ocrx_word' id='word_1_350' title='bbox 1819 1870 1915 1912; x_wconf 93' lang='lat' dir='ltr'><strong>reli-</strong></span> 
     </span>
     <span class='ocr_line' id='line_1_75' title="bbox 1087 1925 1554 1978; baseline 0.006 -13"><span class='ocrx_word' id='word_1_351' title='bbox 1087 1925 1261 1975; x_wconf 91' lang='lat' dir='ltr'><strong>gionem</strong></span> <span class='ocrx_word' id='word_1_352' title='bbox 1279 1925 1554 1978; x_wconf 68' lang='lat' dir='ltr'><strong>perdriceret.</strong></span> 
     </span>
    </p>

    <p class='ocr_par' dir='ltr' id='par_1_17' title="bbox 1085 1982 1914 2308">
     <span class='ocr_line' id='line_1_76' title="bbox 1145 1982 1914 2035; baseline 0.007 -14"><span class='ocrx_word' id='word_1_353' title='bbox 1145 1983 1193 2034; x_wconf 84' lang='lat' dir='ltr'><strong>R·.</strong></span> <span class='ocrx_word' id='word_1_354' title='bbox 1214 1982 1311 2024; x_wconf 83' lang='lat' dir='ltr'><strong>Lux</strong></span> <span class='ocrx_word' id='word_1_355' title='bbox 1334 1985 1548 2035; x_wconf 90' lang='lat' dir='ltr'><strong>perpetua</strong></span> <span class='ocrx_word' id='word_1_356' title='bbox 1569 1983 1734 2026; x_wconf 85' lang='lat' dir='ltr'><strong>lucebit</strong></span> <span class='ocrx_word' id='word_1_357' title='bbox 1752 1985 1914 2027; x_wconf 90' lang='lat' dir='ltr'><strong>sanctis</strong></span> 
     </span>
     <span class='ocr_line' id='line_1_77' title="bbox 1086 2038 1913 2089; baseline 0.006 -10"><span class='ocrx_word' id='word_1_358' title='bbox 1086 2038 1172 2080; x_wconf 90' lang='lat' dir='ltr'><strong>tuis</strong></span> <span class='ocrx_word' id='word_1_359' title='bbox 1191 2039 1398 2089; x_wconf 89' lang='lat' dir='ltr'><strong>Domine,</strong></span> <span class='ocrx_word' id='word_1_360' title='bbox 1434 2045 1455 2067; x_wconf 80' lang='lat'>*</span> <span class='ocrx_word' id='word_1_361' title='bbox 1474 2040 1530 2082; x_wconf 89' lang='lat' dir='ltr'><strong>Et</strong></span> <span class='ocrx_word' id='word_1_362' title='bbox 1557 2041 1781 2083; x_wconf 81' lang='lat' dir='ltr'><strong>aeternitas</strong></span> <span class='ocrx_word' id='word_1_363' title='bbox 1808 2043 1913 2083; x_wconf 88' lang='lat' dir='ltr'><strong>tem-</strong></span> 
     </span>
     <span class='ocr_line' id='line_1_78' title="bbox 1086 2096 1913 2150; baseline 0.005 -14"><span class='ocrx_word' id='word_1_364' title='bbox 1086 2108 1259 2148; x_wconf 92' lang='lat' dir='ltr'><strong>porum,</strong></span> <span class='ocrx_word' id='word_1_365' title='bbox 1285 2096 1470 2148; x_wconf 77' lang='lat' dir='ltr'><strong>allehija,</strong></span> <span class='ocrx_word' id='word_1_366' title='bbox 1497 2096 1681 2150; x_wconf 73' lang='lat' dir='ltr'><strong>allelt&#39;lja.</strong></span> <span class='ocrx_word' id='word_1_367' title='bbox 1716 2096 1767 2147; x_wconf 63' lang='lat' dir='ltr'><strong>V.</strong></span> <span class='ocrx_word' id='word_1_368' title='bbox 1785 2098 1913 2140; x_wconf 88' lang='lat' dir='ltr'><strong>Laeti-</strong></span> 
     </span>
     <span class='ocr_line' id='line_1_79' title="bbox 1085 2152 1914 2208; baseline 0.004 -15"><span class='ocrx_word' id='word_1_369' title='bbox 1085 2152 1145 2193; x_wconf 89' lang='lat' dir='ltr'><strong>tia</strong></span> <span class='ocrx_word' id='word_1_370' title='bbox 1181 2153 1448 2205; x_wconf 90' lang='lat' dir='ltr'><strong>sempiterna</strong></span> <span class='ocrx_word' id='word_1_371' title='bbox 1485 2154 1567 2195; x_wconf 90' lang='lat' dir='ltr'><strong>erit</strong></span> <span class='ocrx_word' id='word_1_372' title='bbox 1603 2167 1735 2207; x_wconf 89' lang='lat' dir='ltr'><strong>super</strong></span> <span class='ocrx_word' id='word_1_373' title='bbox 1768 2155 1914 2208; x_wconf 87' lang='lat' dir='ltr'><strong>capita</strong></span> 
     </span>
     <span class='ocr_line' id='line_1_80' title="bbox 1086 2208 1914 2260; baseline 0.005 -11"><span class='ocrx_word' id='word_1_374' title='bbox 1086 2211 1251 2250; x_wconf 87' lang='lat' dir='ltr'><strong>eorum:</strong></span> <span class='ocrx_word' id='word_1_375' title='bbox 1276 2208 1485 2260; x_wconf 69' lang='lat' dir='ltr'><strong>gaudium</strong></span> <span class='ocrx_word' id='word_1_376' title='bbox 1509 2216 1552 2253; x_wconf 85' lang='lat' dir='ltr'><strong>et</strong></span> <span class='ocrx_word' id='word_1_377' title='bbox 1576 2210 1914 2253; x_wconf 81' lang='lat' dir='ltr'><strong>exsultationem</strong></span> 
     </span>
     <span class='ocr_line' id='line_1_81' title="bbox 1085 2265 1448 2308; baseline 0.006 -2"><span class='ocrx_word' id='word_1_378' title='bbox 1085 2265 1355 2308; x_wconf 90' lang='lat' dir='ltr'><strong>obtinebunt.</strong></span> <span class='ocrx_word' id='word_1_379' title='bbox 1382 2267 1448 2308; x_wconf 91' lang='lat' dir='ltr'><strong>Et.</strong></span> 
     </span>
    </p>

    <p class='ocr_par' dir='ltr' id='par_1_18' title="bbox 1403 2324 1609 2365">
     <span class='ocr_line' id='line_1_82' title="bbox 1403 2324 1609 2365; baseline 0.01 -2"><span class='ocrx_word' id='word_1_380' title='bbox 1403 2324 1551 2365; x_wconf 88' lang='lat' dir='ltr'><strong>Lectio</strong></span> <span class='ocrx_word' id='word_1_381' title='bbox 1572 2340 1609 2365; x_wconf 77' lang='lat' dir='ltr'><strong>v.</strong></span> 
     </span>
    </p>

    <p class='ocr_par' dir='ltr' id='par_1_19' title="bbox 1092 2373 1912 2480">
     <span class='ocr_line' id='line_1_83' title="bbox 1092 2373 1912 2480; baseline 0.006 -61"><span class='ocrx_word' id='word_1_382' title='bbox 1092 2373 1236 2480; x_wconf 84' lang='lat' dir='ltr'><strong>Cum</strong></span> <span class='ocrx_word' id='word_1_383' title='bbox 1255 2380 1386 2431; x_wconf 90' lang='lat' dir='ltr'><strong>igitur</strong></span> <span class='ocrx_word' id='word_1_384' title='bbox 1404 2381 1552 2422; x_wconf 90' lang='lat' dir='ltr'><strong>multis</strong></span> <span class='ocrx_word' id='word_1_385' title='bbox 1572 2381 1738 2432; x_wconf 90' lang='lat' dir='ltr'><strong>Romae,</strong></span> <span class='ocrx_word' id='word_1_386' title='bbox 1762 2386 1820 2431; x_wconf 88' lang='lat' dir='ltr'><strong>ut,</strong></span> <span class='ocrx_word' id='word_1_387' title='bbox 1840 2381 1912 2424; x_wconf 89' lang='lat' dir='ltr'><strong>ab·</strong></span> 
     </span>
    </p>

    <p class='ocr_par' dir='ltr' id='par_1_20' title="bbox 1079 2436 1910 2772">
     <span class='ocr_line' id='line_1_84' title="bbox 1170 2436 1910 2489; baseline 0.004 -12"><span class='ocrx_word' id='word_1_388' title='bbox 1170 2436 1310 2487; x_wconf 89' lang='lat' dir='ltr'><strong>jurata</strong></span> <span class='ocrx_word' id='word_1_389' title='bbox 1330 2436 1438 2478; x_wconf 89' lang='lat' dir='ltr'><strong>falsa</strong></span> <span class='ocrx_word' id='word_1_390' title='bbox 1457 2437 1676 2489; x_wconf 90' lang='lat' dir='ltr'><strong>religione,</strong></span> <span class='ocrx_word' id='word_1_391' title='bbox 1696 2451 1845 2480; x_wconf 87' lang='lat' dir='ltr'><strong>veram</strong></span> <span class='ocrx_word' id='word_1_392' title='bbox 1863 2438 1910 2479; x_wconf 92' lang='lat' dir='ltr'><strong>fi-</strong></span> 
     </span>
     <span class='ocr_line' id='line_1_85' title="bbox 1084 2492 1910 2547; baseline 0.005 -14"><span class='ocrx_word' id='word_1_393' title='bbox 1084 2492 1185 2534; x_wconf 91' lang='lat' dir='ltr'><strong>dem</strong></span> <span class='ocrx_word' id='word_1_394' title='bbox 1205 2495 1492 2545; x_wconf 89' lang='lat' dir='ltr'><strong>susciperent,</strong></span> <span class='ocrx_word' id='word_1_395' title='bbox 1517 2497 1824 2547; x_wconf 86' lang='lat' dir='ltr'><strong>persuasisset,</strong></span> <span class='ocrx_word' id='word_1_396' title='bbox 1847 2507 1910 2537; x_wconf 90' lang='lat' dir='ltr'><strong>se-</strong></span> 
     </span>
     <span class='ocr_line' id='line_1_86' title="bbox 1082 2550 1909 2602; baseline 0.002 -12"><span class='ocrx_word' id='word_1_397' title='bbox 1082 2552 1260 2591; x_wconf 90' lang='lat' dir='ltr'><strong>natores</strong></span> <span class='ocrx_word' id='word_1_398' title='bbox 1280 2550 1459 2602; x_wconf 86' lang='lat' dir='ltr'><strong>aliquot,</strong></span> <span class='ocrx_word' id='word_1_399' title='bbox 1485 2555 1528 2592; x_wconf 93' lang='lat' dir='ltr'><strong>et</strong></span> <span class='ocrx_word' id='word_1_400' title='bbox 1544 2551 1812 2601; x_wconf 88' lang='lat' dir='ltr'><strong>Hermetem,</strong></span> <span class='ocrx_word' id='word_1_401' title='bbox 1831 2551 1909 2594; x_wconf 89' lang='lat' dir='ltr'><strong>Ur-</strong></span> 
     </span>
     <span class='ocr_line' id='line_1_87' title="bbox 1081 2604 1909 2659; baseline 0.002 -12"><span class='ocrx_word' id='word_1_402' title='bbox 1081 2604 1148 2647; x_wconf 91' lang='lat' dir='ltr'><strong>bis</strong></span> <span class='ocrx_word' id='word_1_403' title='bbox 1174 2606 1448 2658; x_wconf 88' lang='lat' dir='ltr'><strong>praefectum,</strong></span> <span class='ocrx_word' id='word_1_404' title='bbox 1481 2620 1579 2648; x_wconf 92' lang='lat' dir='ltr'><strong>cum</strong></span> <span class='ocrx_word' id='word_1_405' title='bbox 1604 2609 1759 2657; x_wconf 84' lang='lat' dir='ltr'><strong>uxore,</strong></span> <span class='ocrx_word' id='word_1_406' title='bbox 1791 2608 1909 2659; x_wconf 88' lang='lat' dir='ltr'><strong>filiis,</strong></span> 
     </span>
     <span class='ocr_line' id='line_1_88' title="bbox 1081 2662 1908 2713; baseline 0.005 -11"><span class='ocrx_word' id='word_1_407' title='bbox 1081 2664 1244 2712; x_wconf 86' lang='lat' dir='ltr'><strong>sorore,</strong></span> <span class='ocrx_word' id='word_1_408' title='bbox 1264 2676 1314 2704; x_wconf 91' lang='lat' dir='ltr'><strong>ac</strong></span> <span class='ocrx_word' id='word_1_409' title='bbox 1334 2668 1427 2705; x_wconf 88' lang='lat' dir='ltr'><strong>tota</strong></span> <span class='ocrx_word' id='word_1_410' title='bbox 1447 2662 1591 2713; x_wconf 89' lang='lat' dir='ltr'><strong>domo,</strong></span> <span class='ocrx_word' id='word_1_411' title='bbox 1610 2664 1632 2705; x_wconf 90' lang='lat' dir='ltr'><strong>J</strong></span> <span class='ocrx_word' id='word_1_412' title='bbox 1638 2676 1715 2705; x_wconf 92' lang='lat' dir='ltr'><strong>esu</strong></span> <span class='ocrx_word' id='word_1_413' title='bbox 1734 2663 1908 2706; x_wconf 91' lang='lat' dir='ltr'><strong>Christo</strong></span> 
     </span>
     <span class='ocr_line' id='line_1_89' title="bbox 1079 2719 1908 2772; baseline 0.005 -13"><span class='ocrx_word' id='word_1_414' title='bbox 1079 2719 1263 2770; x_wconf 89' lang='lat' dir='ltr'><strong>peperit.</strong></span> <span class='ocrx_word' id='word_1_415' title='bbox 1301 2721 1441 2770; x_wconf 91' lang='lat' dir='ltr'><strong>Quam</strong></span> <span class='ocrx_word' id='word_1_416' title='bbox 1466 2720 1524 2762; x_wconf 94' lang='lat' dir='ltr'><strong>ob</strong></span> <span class='ocrx_word' id='word_1_417' title='bbox 1549 2733 1642 2762; x_wconf 91' lang='lat' dir='ltr'><strong>rem</strong></span> <span class='ocrx_word' id='word_1_418' title='bbox 1666 2723 1908 2772; x_wconf 75' lang='lat' dir='ltr'><strong>accusatuS,</strong></span> 
     </span>
    </p>
   </div>
   <div class='ocr_carea' id='block_1_12' title="bbox 155 122 1978 2825">
    <p class='ocr_par' dir='ltr' id='par_1_21' title="bbox 155 122 1978 2825">
     <span class='ocr_line' id='line_1_90' title="bbox 155 122 1978 2825; baseline 0 0"><span class='ocrx_word' id='word_1_419' title='bbox 155 122 1978 2825; x_wconf 95' lang='lat' dir='ltr'><strong> </strong></span> 
     </span>
    </p>
   </div>
  </div>
 </body>
</html>
