2066 2956
232 181 330 226 [260]

284 279 320 311 ln
341 278 530 318 Quadrag.
553 287 655 313 vcro.
679 284 714 310 et
736 275 857 310 Feriis
880 276 1051 315 Quatuor

229 327 359 368 Teum.
385 325 563 359 dicuntur
588 334 693 367 sequ.
720 324 931 358 Lectiones.

233 382 297 421 De
324 378 524 432 Epistola
554 379 671 420 beati
698 378 822 420 Pauli
847 379 1054 432 Apostoli

487 435 543 477 ad
562 436 799 477 Romanos.

332 499 482 540 Lectio
507 499 527 538 i.
789 498 891 549 Cap.
910 499 948 538 5.

280 566 334 613 w?
350 553 555 595 osnendat
566 554 793 595 caritatem
803 567 927 596 suam
933 554 1054 595 Deus

268 634 340 653 .
365 610 409 651 in
421 610 563 651 nobis:
580 611 786 663 quoniam
799 623 898 652 eum
911 610 1054 652 adhuc

237 669 264 695 ξ-
365 668 621 719 peccatores
655 669 869 717 essemuS‚
903 670 1053 709 secun-

229 723 333 765 dum
362 728 556 776 tempus,
590 723 787 765 Christus
815 736 897 776 pro
925 723 1053 765 nobis

228 782 426 822 mortuus
459 785 543 822 est:
578 780 716 822 multo
752 780 883 831 igitur
914 780 1053 831 magis

228 849 342 878 nunc
364 836 583 889 justificati
606 837 650 877 in
674 837 885 888 sanguine
905 837 1054 890 ipsius,

228 893 338 935 salvi
365 894 523 935 erimus
547 893 602 935 ab
626 894 692 935 ira
713 906 792 946 per
815 894 969 947 ipsum.
1009 894 1054 935 Si

229 951 343 992 enim
366 963 464 992 cum
487 950 648 991 inimici
672 951 877 1000 essemus,
902 963 1053 992 recon-

228 1007 362 1048 ciliati
382 1019 530 1048 sumus
545 1007 641 1048 Deo
659 1019 739 1060 per
754 1011 942 1048 mortem
955 1006 1054 1047 Filii

229 1064 332 1115 ejus:
347 1062 484 1104 multo
498 1063 637 1114 magis
651 1063 930 1113 reconciliati,
945 1063 1054 1104 salvi

229 1120 389 1161 erimus
411 1120 455 1160 in
479 1120 569 1161 vita
591 1120 740 1172 ipsius.
785 1120 887 1161 Non
911 1119 1054 1161 solum

228 1182 393 1218 autem:
430 1175 510 1218 sed
542 1181 586 1218 et
616 1176 854 1227 gloriamur
886 1176 930 1217 in
956 1177 1053 1218 Deo

228 1247 307 1286 per
317 1233 554 1275 Duminum
566 1237 765 1274 nostrum
774 1233 799 1274 J
802 1246 924 1274 esum
936 1232 1054 1274 Chri-

228 1295 362 1339 stum,
394 1302 474 1342 per
502 1302 632 1341 quem
663 1302 778 1331 nunc
805 1289 1053 1331 reconcilia-

228 1347 393 1388 tionem
417 1347 678 1399 accepimus.
720 1347 765 1388 Si
790 1347 904 1388 enim
927 1349 1054 1388 unius

229 1403 390 1445 delicto
422 1416 542 1444 mors
574 1404 771 1454 regnavit
798 1416 877 1456 per
903 1416 1054 1445 unum:

228 1460 365 1502 multo
390 1460 529 1510 magis
556 1459 867 1501 abundantiam
889 1459 1054 1510 gratiae,

228 1521 272 1558 et
297 1516 558 1566 donatianis,
583 1521 626 1558 et
647 1516 822 1568 justitiae
843 1516 1053 1568 accipien-

227 1577 313 1623 tes,
347 1573 390 1614 in
422 1573 512 1614 vita
543 1572 788 1624 regnabunt
813 1585 893 1626 per
920 1586 1054 1615 unum

226 1630 251 1670 J
253 1643 376 1672 esum
396 1629 627 1671 Christum.

281 1691 330 1741 R.
355 1686 497 1728 Vinea
515 1699 622 1728 mea.
650 1686 762 1738 [259]

538 1751 689 1791 Lectio
712 1750 749 1789 ii.

274 1804 408 1855 gitur,
441 1805 552 1846 sicut
579 1817 659 1857 per
690 1805 818 1845 unius
846 1802 1054 1845 delictum

301 1861 344 1901 in
383 1873 534 1902 omnes
569 1860 768 1902 humines
810 1860 854 1900 in
895 1859 1053 1902 conde-

228 1917 508 1959 mnationem:
538 1917 600 1958 sie
625 1922 669 1958 et
687 1929 767 1970 per
789 1918 916 1958 unius
936 1917 1052 1968 justi-

227 1974 332 2015 tiam
359 1974 403 2014 in
431 1986 583 2015 omnes
611 1973 809 2015 homines
836 1973 880 2013 in
907 1973 1053 2025 justifi-
1119 1968 1126 2002 Γ

229 2031 445 2072 cationem
468 2031 583 2072 vitae.
619 2030 740 2071 Sicut
764 2030 878 2071 enim
896 2042 976 2082 per
994 2030 1054 2070 in-

229 2087 523 2130 obedientiam
541 2089 668 2128 unius
686 2086 884 2136 huminis
903 2099 1054 2139 pecea-

228 2146 348 2186 tores
376 2144 603 2186 constituti
630 2147 730 2185 sunt
757 2143 897 2185 multi:
924 2143 985 2184 ita
1012 2149 1054 2185 et

227 2213 307 2253 per
331 2203 458 2242 unius
484 2199 798 2251 obeditionem,
826 2199 928 2251 justi
953 2212 1053 2241 eon-

229 2257 460 2299 stituentur
486 2256 621 2298 multi.
663 2256 756 2298 Lex
782 2261 928 2297 autem
956 2255 1054 2298 sub-

228 2313 406 2355 intravit
418 2318 466 2355 ut
479 2312 722 2355 abundaret
735 2311 952 2354 delictum.
968 2311 1054 2354 Ubi

229 2374 375 2411 autem
398 2368 638 2412 abundavit
662 2369 879 2419 delictum,
906 2382 1053 2421 super-

230 2425 468 2468 abundavit
493 2427 643 2478 gratia.
683 2426 743 2468 Ut
767 2426 880 2467 sicut
904 2428 1053 2477 regna-

230 2482 292 2522 vit
325 2485 557 2534 peccatum
594 2483 638 2523 in
675 2487 880 2524 mortem:
915 2481 976 2522 ita
1011 2487 1055 2524 et

229 2538 369 2587 gratia
382 2544 534 2589 regnet
548 2552 628 2592 per
642 2539 849 2591 justitiam
863 2539 906 2579 in
921 2538 1053 2579 vitam

231 2596 448 2644 aeternam,
466 2609 545 2648 per
563 2596 587 2636 J
591 2609 712 2637 esum
732 2595 952 2637 Christum
966 2595 1053 2637 Do-

230 2651 395 2692 minum
414 2657 620 2693 nostrum.

283 2711 333 2761 R.
357 2707 452 2759 Ego
473 2708 613 2750 eduxi.
641 2709 752 2761 [259]

628 188 802 221 Officium
828 187 1000 221 votivum
1027 187 1071 220 (lc
1096 186 1283 220 Passione-
1309 186 1351 220 Ι).
1372 186 1416 220 N.
1438 187 1470 219 J.
1493 188 1531 219 (ἶ.

1209 277 1361 319 Lectio
1388 278 1440 317 iii.
1668 277 1769 328 Cap.
1789 279 1826 318 6.

1188 335 1263 377 uid
1288 349 1393 388 ergo
1419 336 1634 378 dicemus?
1659 335 1929 390 permanebi-

1214 406 1311 434 mus
1336 393 1381 434 in
1406 395 1591 446 peccato
1618 398 1666 435 ut
1691 393 1834 444 gratia
1857 392 1929 434 ab·

1105 448 1268 491 undet?
1321 449 1462 492 Absit.
1515 449 1600 500 Qui
1629 449 1743 491 enim
1768 449 1930 491 mortui

1106 519 1255 547 sumus
1287 508 1493 559 peccato,
1530 505 1755 558 quamodo
1787 505 1931 547 adhuc

1105 562 1301 604 vivemus
1319 563 1362 603 in
1381 561 1479 604 illo?
1511 562 1582 603 An
1598 563 1810 614 ignoratis
1830 562 1930 615 quia

1107 619 1370 672 quicumque
1380 618 1592 672 baptizati
1604 632 1753 660 sumus
1764 619 1808 660 in
1819 618 1931 660 Chri-

1106 681 1175 718 sto
1194 676 1308 726 Jesu,
1331 676 1374 716 in
1397 681 1538 717 morte
1561 675 1698 728 ipsius
1720 674 1931 728 baptizati

1107 731 1282 774 sumus?
1338 731 1595 785 Consepulti
1631 732 1746 774 enim
1782 744 1931 773 sumus

1106 802 1205 831 cum
1236 788 1313 831 illo
1341 801 1422 841 per
1453 788 1720 841 baptismum
1750 787 1794 829 in
1820 800 1931 830 mor-

1105 850 1210 888 tem:
1239 851 1287 887 ut
1315 844 1539 897 quomodo
1566 844 1765 886 Christus
1793 846 1931 886 surre-

1106 903 1169 944 xit
1196 915 1222 944 a
1248 902 1432 944 mortuis
1458 914 1538 955 per
1567 901 1753 953 gloriam
1778 901 1931 952 Patris,

1106 960 1167 1001 ita
1193 964 1237 1001 et
1260 972 1342 1001 nos
1367 959 1412 1000 in
1437 959 1633 1001 novitate
1658 959 1760 1000 vitae
1784 957 1931 1000 ambu-

1105 1016 1255 1058 lemus.
1301 1016 1346 1058 Si
1374 1016 1488 1057 enim
1516 1015 1802 1069 complantati
1828 1015 1932 1057 facti

1106 1086 1256 1114 sumus
1280 1072 1550 1114 similitudini
1571 1073 1725 1114 mortis
1748 1072 1854 1124 ejus:
1879 1071 1931 1113 si-

1105 1130 1195 1171 mul
1215 1134 1258 1171 et
1276 1129 1609 1172 resurrectionis
1629 1130 1800 1171 erimus.
1832 1129 1932 1171 Hoc

1106 1186 1312 1236 scientes,
1341 1186 1443 1239 quia
1471 1190 1597 1228 vetus
1621 1185 1754 1227 homo
1782 1189 1932 1227 noster

1107 1243 1234 1284 simul
1258 1243 1490 1285 crucifixus
1512 1247 1589 1293 est,
1612 1247 1662 1284 ut
1683 1242 1932 1284 destruatur

1106 1312 1267 1353 corpus
1294 1299 1484 1353 peccati,
1519 1304 1563 1342 et
1588 1299 1703 1341 ultra
1729 1311 1817 1341 non
1844 1310 1931 1341 ser-

1106 1356 1273 1398 viamus
1287 1358 1486 1410 peccato.
1506 1356 1590 1407 Qui
1606 1356 1721 1398 enim
1734 1357 1932 1397 mortuus

1107 1418 1188 1462 est,
1216 1412 1474 1465 justificatus
1501 1417 1567 1454 est
1595 1425 1620 1454 a
1645 1414 1843 1466 peccato.
1886 1411 1932 1453 Si

1106 1474 1252 1511 autem
1270 1469 1431 1511 mortui
1452 1482 1601 1511 sumus
1625 1482 1723 1511 cum
1743 1468 1931 1510 Christo:

1107 1526 1323 1568 credimus
1357 1526 1458 1579 quia
1492 1525 1619 1567 simul
1654 1525 1786 1567 etiam
1816 1525 1931 1567 vive·

1105 1596 1202 1624 mus
1222 1595 1321 1624 cum
1341 1582 1526 1624 Christo.

1157 1651 1206 1702 R.
1233 1647 1329 1698 Ego
1347 1652 1539 1701 propter.
1556 1647 1678 1706 1259]

1335 1727 1383 1765 In
1403 1726 1452 1764 ΙΙ.
1473 1724 1694 1764 Nocturno.

1159 1795 1256 1834 Ant.
1287 1790 1454 1833 Inimici
1470 1791 1568 1833 mei.

1374 1855 1571 1896 Psalmus
1590 1855 1660 1893 40.

1119 1941 1126 1967 ς
1148 1919 1342 1978 j.;2s'jeatus
1361 1917 1435 1970 qui
1456 1916 1657 1967 intelligit
1679 1928 1812 1969 super
1835 1917 1930 1966 ege-

1122 2016 1126 2030 ,
1163 1977 1211 2027 ‚51³³
1235 1987 1354 2025 num,
1386 1978 1429 2016 et
1455 1977 1712 2027 pauperem:
1739 1974 1763 1999 *
1789 1972 1834 2012 in
1861 1971 1931 2014 die

1114 2023 1213 2055 '——2
1234 2031 1348 2072 mala
1366 2029 1570 2072 liberabit
1589 2042 1688 2071 eum
1706 2028 1930 2071 Dominus.

1157 2088 1372 2129 Duminus
1401 2089 1642 2129 conservet·
1658 2099 1773 2135 eum,
1802 2090 1846 2127 et
1871 2084 1930 2126 vi-

1106 2141 1254 2186 vifiee‘t
1279 2157 1388 2194 eum,
1412 2149 1457 2185 et
1478 2143 1657 2186 beatum
1679 2142 1811 2183 faciat
1831 2153 1931 2183 eum

1106 2201 1149 2242 in
1176 2206 1311 2242 terra:
1343 2201 1367 2226 *
1400 2205 1444 2242 et
1470 2212 1559 2242 non
1588 2198 1734 2242 tradat
1762 2211 1861 2240 eum
1887 2197 1930 2238 in

1107 2257 1296 2299 animam
1322 2257 1597 2298 inimicorum
1624 2256 1725 2308 ejus.

1157 2313 1371 2355 Duminus
1403 2325 1535 2366 opem
1564 2313 1676 2354 ferat
1706 2311 1768 2353 illi
1799 2323 1931 2363 super

1105 2370 1267 2412 lectum
1295 2369 1461 2411 doloris
1489 2370 1599 2422 ejus:
1631 2370 1654 2397 *
1681 2367 1930 2409 universum
1990 2397 1994 2400 .

1106 2431 1292 2492 stratum
1307 2426 1397 2478 ejus
1414 2425 1599 2467 versasti
1616 2425 1660 2466 in
1678 2423 1930 2465 infirmitate

1108 2496 1208 2534 ejus.

1157 2539 1253 2591 Ego
1273 2537 1377 2580 dixi:
1401 2538 1588 2579 Dumine
1605 2536 1812 2577 miserere
1830 2536 1931 2577 mei:

1106 2596 1130 2622 *
1158 2608 1263 2636 sana
1296 2594 1484 2636 animam
1509 2605 1672 2643 meam,
1704 2592 1804 2645 quia
1831 2604 1930 2645 pec-

1107 2652 1202 2694 cavi
1229 2651 1320 2693 tibi.

1158 2707 1328 2750 Inimici
1348 2707 1434 2749 mei
1457 2706 1659 2748 dixerunt
1681 2705 1796 2747 mala
1811 2704 1932 2746 mihi:
