2028 2892
569 187 669 221 Infra
697 189 988 224 llcbdomadum
1018 192 1053 224 ii.
1081 198 1169 234 post
1194 196 1271 227 Oct.
1300 195 1468 229 Paschae.

472 287 622 327 Lectio
644 289 680 327 ii.

278 349 514 397 postquam
538 347 782 395 tacuerunt,
809 350 987 400 respon-

254 399 319 441 dit
345 400 557 450 JacobuS‚
586 401 755 443 dicens:
783 403 879 444 Viri
906 404 986 445 fra-

156 461 267 506 tres,
299 456 447 498 audite
479 470 560 498 me.
614 458 763 499 Simon
795 461 988 502 narravit

158 512 531 564 quemadmodum
559 514 750 566 primum
777 515 898 556 Deus
927 517 987 556 vi-

156 568 303 610 sitavit
329 572 503 611 sumere
530 582 584 611 ex
608 570 824 612 Gentibus
850 574 987 625 popu-

155 624 246 665 lum
270 625 435 666 nomini
461 638 553 667 suo.
598 626 655 668 Et
680 626 782 668 huic
808 631 986 669 coneor-

155 680 262 722 dant
306 681 441 723 verba
486 682 829 734 prophetarum,
875 685 987 726 sicut

155 737 366 789 scriptum
399 743 483 779 est:
515 738 624 779 Post
651 738 747 780 haec
779 743 985 790 revertar,

155 797 199 833 et
227 793 508 835 reaedificabo
539 794 873 837 tabernaculum
901 797 984 837 Da—

153 848 248 898 vid,
283 849 404 900 quod
433 849 615 891 decidit:
651 855 694 892 et
723 851 866 893 diruta
895 853 985 904 ejus

153 904 446 955 reaedifieabo,
467 911 510 947 et
530 906 695 957 erigam
713 907 836 948 illud:
856 913 904 949 ut
921 921 984 950 re-

154 963 327 1012 quirant
347 962 481 1002 ceteri
496 962 722 1003 hominum
735 964 984 1014 Dominum,

153 1021 196 1058 et
215 1030 367 1059 omnes
386 1018 563 1068 Gentes,
584 1032 717 1071 super
737 1033 845 1072 quas
864 1021 984 1062 invo-

151 1074 298 1114 catum
318 1079 386 1115 est
406 1087 566 1116 nomen
586 1088 747 1125 meum,
773 1076 878 1118 dicit
895 1078 983 1118 Do-

150 1129 308 1180 minus,
334 1130 498 1172 faciens
522 1130 629 1172 haee.
665 1131 833 1173 Notum
857 1146 882 1173 a
906 1135 983 1174 sae-

151 1185 250 1227 culo
275 1191 343 1227 est
359 1187 554 1229 Domino
574 1200 686 1240 opus
706 1201 843 1229 suum.
878 1189 983 1231 Pro-

149 1246 250 1293 pter
274 1242 395 1294 quod
422 1256 504 1294 ego
531 1243 678 1295 judico
705 1257 793 1285 non
818 1245 982 1296 inquie-

149 1298 233 1338 tari
258 1311 353 1348 eos,
383 1300 457 1351 qui
483 1312 537 1340 ex
562 1299 778 1341 Gentibus
804 1313 982 1343 conver-

148 1356 301 1395 tuntur
330 1354 387 1396 ad
410 1356 572 1405 Deum,
601 1355 680 1396 sed
706 1356 899 1398 scribere
926 1357 982 1399 ad

150 1422 228 1450 eos
253 1414 301 1451 ut
327 1410 574 1452 abstineant
597 1423 645 1452 se
669 1424 694 1452 a
719 1413 981 1454 contamina-

149 1465 342 1507 tionibus
380 1466 733 1517 simulacrorum,
772 1473 815 1509 et
850 1469 979 1510 forni-

149 1521 338 1572 catione,
363 1527 407 1564 et
427 1522 668 1572 suffocatis,
694 1529 739 1565 et
758 1526 980 1576 sanguine.

148 1577 326 1629 Moyses
360 1579 475 1619 enim
506 1592 532 1620 a
565 1579 839 1632 temporibus
873 1584 979 1622 anti-

150 1634 247 1685 quis
274 1633 407 1676 habet
435 1635 479 1675 in
509 1634 690 1685 singulis
718 1637 980 1687 civitatibus,

149 1689 224 1740 qui
247 1702 353 1735 ¹eum
381 1691 625 1743 praedicent
656 1693 700 1733 in
733 1694 980 1745 synagogis,

147 1744 223 1786 ubi
241 1758 321 1798 per
341 1759 470 1788 omne
491 1748 724 1791 sabbatum
742 1748 912 1799 legitur.

199 1813 249 1864 R.
276 1811 344 1852 De
366 1824 442 1853 ore
462 1812 702 1864 prudentis.
729 1814 823 1854 262.

451 1897 600 1938 Lectio
620 1899 674 1938 iii.

146 1958 311 2063 Tunc
329 1962 497 2014 placuit
514 1964 755 2017 Apostolis‚
776 1970 820 2006 et
839 1966 977 2007 senio-

243 2017 364 2059 ribus
393 2032 492 2061 cum
521 2021 639 2061 omni
664 2021 877 2070 Ecclesia,
906 2022 977 2062 eli-

146 2085 251 2123 gere
269 2074 389 2115 viros
410 2088 463 2116 ex
480 2076 552 2125 eis,
573 2082 616 2117 et
635 2079 809 2118 mittere
824 2078 976 2119 Antio-

147 2128 290 2170 chiam
309 2142 408 2171 cum
427 2132 582 2182 Paulo,
607 2137 650 2174 et
670 2133 886 2181 Barnaba,
905 2134 930 2174 J
932 2147 976 2174 u·

146 2184 268 2235 dam,
299 2187 373 2238 qui
401 2189 794 2238 cognominabatur
821 2189 975 2230 Barsa-

145 2239 236 2290 bas,
256 2246 299 2282 et
314 2242 447 2284 Silam
462 2244 582 2285 viros
597 2245 763 2296 primos
778 2245 822 2285 in
837 2245 976 2286 fratri-

145 2296 243 2346 bus,
272 2298 514 2340 scribentes
534 2313 614 2352 per
634 2313 788 2341 manus
813 2303 975 2342 eorum.

147 2353 355 2405 Apostoli
369 2360 414 2396 et
428 2356 622 2397 seniores
639 2357 805 2405 fratres,
821 2357 888 2397 his
902 2357 976 2407 qui

146 2414 247 2450 sunt
257 2410 516 2459 Antiochiae,
537 2417 580 2453 et
590 2412 738 2464 Syriae,
757 2417 801 2453 et
812 2413 974 2453 Ciliciae

146 2464 352 2506 fratribus
399 2479 453 2507 ex
498 2467 732 2516 Gentibus,
779 2468 974 2509 salutem.

147 2520 365 2569 Quoniam
393 2522 637 2564 audivimus
667 2524 768 2574 quia
797 2523 974 2575 quidam

147 2588 201 2616 ex
214 2577 341 2618 nobis
358 2582 579 2628 exeuntes,
594 2579 880 2620 turbaverunt
893 2591 973 2619 vos

1800 193 1870 229 285

1042 283 1170 324 nobis
1190 284 1386 326 collectis
1405 285 1448 326 in
1467 299 1609 336 unum,
1631 286 1791 338 eligere
1809 289 1866 329 vi-

1040 351 1129 388 ros,
1153 344 1196 380 et
1214 342 1387 381 mittere
1406 341 1462 382 ad
1481 354 1560 382 vos
1580 355 1677 383 cum
1699 344 1866 384 carissi-

1041 395 1124 436 mis
1143 396 1308 436 nostris
1327 397 1540 446 Barnaba,
1562 403 1605 439 et
1622 398 1772 448 Paulo,
1791 399 1865 441 ho-

1040 451 1250 501 minibus,
1289 452 1361 504 qui
1394 453 1667 495 tradiderunt
1699 456 1865 496 animas

1041 520 1142 548 suas
1181 520 1263 560 pro
1303 510 1476 550 nomine
1512 510 1689 550 Domini
1726 512 1865 552 nostri

1038 563 1063 603 J
1066 576 1143 604 esu
1162 563 1333 605 Christi.
1361 565 1557 606 Misimus
1578 579 1680 617 ergo
1696 567 1721 607 J
1722 567 1864 617 udam,

1040 624 1084 662 et
1108 620 1257 669 Silam,
1287 621 1361 672 qui
1389 627 1432 663 et
1459 622 1543 674 ipsi
1569 622 1693 663 vobis
1718 623 1864 665 verbis

1039 676 1229 718 referent
1256 677 1421 718 eadem.
1471 678 1627 718 Visum
1657 684 1723 719 est
1751 680 1864 720 enim

1039 731 1220 784 Spiritui
1235 738 1400 783 sancto,
1417 738 1461 774 et
1475 733 1613 783 nobis,
1633 734 1738 775 nihil
1752 735 1865 776 ultra

1038 788 1266 840 imponere
1287 789 1414 830 vobis
1438 790 1596 839 oneris,
1622 803 1752 842 quam
1770 791 1864 833 haee

1037 845 1304 886 necessaria:
1337 850 1384 886 ut
1416 845 1671 887 abstineatis
1700 859 1780 888 vos
1809 847 1863 889 ab

1036 900 1273 942 immolatis
1306 901 1658 950 simulacrorum,
1696 907 1739 944 et
1771 906 1863 944 san-

1037 957 1177 1007 guine,
1198 962 1242 998 et
1258 957 1485 1007 suffocato,
1506 964 1548 999 et
1563 958 1863 1000 fornicatione:

1037 1025 1063 1053 a
1095 1013 1254 1065 quibus
1288 1014 1586 1056 custodientes
1618 1028 1717 1064 vos,
1753 1015 1862 1057 bene

1036 1070 1185 1119 agetis.
1213 1069 1381 1112 Valete.

1089 1135 1152 1174 Te
1169 1134 1313 1175 Deum
1332 1135 1572 1176 laudamus.
1592 1137 1651 1176 15.

1091 1199 1158 1239 Ad
1176 1200 1332 1239 Bened.
1350 1201 1383 1239 A
1395 1207 1447 1240 nt.
1474 1202 1631 1241 Euntes
1647 1201 1669 1224 *
1685 1201 1727 1241 in
1743 1214 1860 1243 mun-

1036 1254 1156 1304 dum,
1183 1254 1370 1306 alleluja:
1398 1255 1553 1297 docete
1578 1268 1727 1298 omnes
1749 1258 1860 1299 Gen-

1034 1316 1112 1361 tes,
1136 1310 1319 1363 allelt'1ja.

1087 1377 1157 1416 Ad
1180 1378 1350 1423 Magnis.
1375 1378 1470 1416 Ant.
1509 1378 1656 1418 l'astor
1676 1377 1816 1418 bonus
1837 1379 1860 1405 *

1034 1432 1223 1472 animam
1262 1444 1384 1472 suam
1420 1432 1546 1484 ponit
1582 1445 1663 1484 pro
1703 1433 1859 1474 ovibus

1034 1488 1134 1537 suis,
1159 1487 1340 1540 alleluja.

1220 1609 1403 1645 Feria
1441 1609 1676 1647 Tertia.

1126 1669 1188 1710 l)e
1220 1668 1408 1710 Actibus
1440 1669 1770 1721 Apostolorum.

1139 1733 1290 1773 Lectio
1318 1734 1341 1773 i.
1422 1738 1513 1780 Cup.
1537 1738 1582 1770 17.
1603 1750 1631 1771 c.
1651 1743 1686 1771 ct
1708 1739 1756 1771 18.

1033 1805 1095 1860 [Q
1104 1803 1202 1839 tans
1246 1803 1392 1840 autem
1428 1798 1588 1839 Paulus
1629 1798 1673 1838 in
1711 1800 1856 1841 medio

1037 1848 1099 1901 Q¹
1122 1854 1366 1907 Areopagi,
1394 1855 1472 1895 ait:
1500 1854 1595 1895 Viri
1623 1854 1856 1897 Athenien-

1031 1923 1102 1951 ses
1116 1923 1195 1963 per
1214 1911 1359 1951 omnia
1376 1910 1499 1962 quasi
1519 1911 1855 1962 superstitiosio-

1030 1979 1101 2007 res
1121 1979 1201 2007 vos
1220 1966 1362 2008 video.
1389 1966 1651 2007 Praeteriens
1669 1967 1793 2016 enim,
1813 1972 1856 2008 et

1030 2022 1184 2063 videns
1208 2022 1440 2064 simulacra
1463 2028 1624 2072 vestra,
1650 2024 1792 2064 inveni
1811 2028 1855 2064 et

1030 2091 1159 2127 aram,
1178 2079 1222 2118 in
1241 2091 1326 2130 qua
1345 2079 1556 2130 scriptum
1572 2084 1677 2120 erat:
1696 2079 1853 2129 Ignoto

1029 2134 1138 2175 Deo.
1167 2134 1296 2184 Quod
1311 2147 1415 2185 ergo
1434 2135 1684 2185 ignorantes
1701 2134 1853 2183 colitis,

1029 2189 1114 2231 11οο
1133 2203 1215 2241 ego
1235 2190 1443 2231 annuntio
1463 2189 1600 2231 vobis.
1627 2190 1758 2238 Deus,
1779 2190 1853 2241 qui

1028 2245 1132 2286 feeit
1149 2245 1370 2295 mundum,
1393 2250 1435 2286 et
1454 2245 1598 2286 omnia
1618 2258 1715 2297 quae
1734 2246 1779 2285 in
1798 2258 1851 2286 eo

1027 2306 1138 2350 sunt,
1157 2301 1228 2342 hic
1247 2301 1346 2343 coeli
1365 2306 1408 2342 et
1426 2305 1555 2341 terrae
1574 2313 1672 2340 cum
1694 2301 1750 2341 sit
1763 2301 1851 2341 Do-

1027 2357 1186 2406 minus,
1213 2370 1301 2398 non
1325 2357 1368 2397 in
1393 2355 1650 2396 manufactis
1674 2356 1850 2408 templis

1027 2412 1206 2461 habitat,
1226 2425 1306 2454 nec
1321 2411 1519 2452 manibus
1534 2410 1734 2452 humanis
1749 2412 1849 2453 coli-

1025 2473 1097 2509 tur
1122 2469 1318 2520 indigens
1344 2467 1506 2518 aliquo,
1534 2479 1633 2507 cum
1656 2467 1751 2518 ipse
1775 2468 1850 2509 det

1026 2524 1228 2565 omnibus
1257 2524 1405 2572 vitam,
1437 2527 1480 2563 et
1507 2522 1848 2574 inspirationem,

1026 2585 1070 2620 et
1103 2580 1265 2620 omnia:
1302 2579 1490 2629 fecitque
1519 2591 1572 2619 ex
1599 2590 1686 2619 uno
1720 2591 1847 2620 omne

145 2631 307 2682 verbis,
335 2636 583 2675 evertentes
608 2635 772 2675 animas
793 2639 974 2684 vestras,
1024 2648 1162 2686 genus
1191 2635 1412 2675 hominum
1442 2633 1686 2675 inhabitare
1716 2647 1848 2686 super

147 2686 305 2737 quibus
337 2702 425 2730 non
457 2689 778 2730 mandavimus:
810 2689 974 2741 placuit
1024 2691 1271 2731 universam
1290 2689 1445 2730 faciem
1464 2694 1609 2738 terrae,
1635 2689 1847 2731 definiens

301 2829 365 2853 Pars
382 2829 475 2854 Verna.

1578 2819 1639 2851 19*
