2066 2904
587 175 654 207 Dic
679 176 707 208 Γ».
733 175 849 208 Junii.
898 176 931 207 δ’.
961 173 1151 206 1:0nisaeii
1178 174 1304 216 Episc.
1332 180 1367 207 ct
1396 175 1499 208 Mart.

186 272 290 312 cisci
324 283 483 312 nomen
518 271 767 323 assumpsit.
828 270 1013 312 Adorno

185 327 359 369 biennio
384 332 486 379 post
509 327 600 368 vita
623 327 790 377 functo,
815 327 912 380 ipse
931 328 1013 369 toti

184 383 398 433 religioni,
428 396 694 435 quamquam
717 384 878 425 invitus
902 396 1011 435 prae-

186 439 342 489 ficitur,
381 452 468 491 quo
505 440 548 479 in
583 443 764 481 munere
804 439 1015 480 virtutum

185 495 377 536 Omnium
404 495 621 547 praeclara
648 495 838 548 praebuit
870 497 1013 536 exem-

183 551 266 603 pla.
304 551 500 592 Instituti
526 551 823 604 amplificandi
850 550 1012 592 studio-

185 607 398 656 sissimus,
434 607 480 649 id
511 607 698 649 assiduis
732 606 1013 657 orationibus,

184 663 391 713 lacrimis,
420 669 464 705 et
488 664 575 715 jugi
602 663 803 715 corporis
822 675 1012 704 macera-

183 720 303 760 tione
352 722 478 761 enixe
530 733 555 760 a
599 720 696 760 Deo
746 719 1013 771 postulabat.

185 775 483 825 Quamobrem
513 775 643 817 tertio
676 776 719 815 in
754 775 1014 827 Hispaniam

185 844 232 873 se
257 831 442 873 contulit
467 831 688 884 peregrini
713 830 867 872 habitu
890 831 1013 872 indu-

184 893 266 935 tus,
281 888 533 939 victumque
544 887 738 929 ostiatim
749 887 1014 929 mendicans.

183 944 234 983 In
260 944 412 985 itinere
440 944 681 995 asperrima
706 956 893 995 quaeque
917 957 1013 996 per-

183 1000 351 1051 pessus,
372 999 696 1052 Omnipotentis
711 1000 922 1041 auxilium
937 1001 1014 1041 mi-

184 1068 279 1095 rum
311 1056 354 1096 in
386 1055 567 1097 modum
600 1058 824 1108 expertUS,
856 1056 1013 1106 navim,

185 1124 316 1162 quam
336 1111 668 1161 conscenderat,
696 1112 750 1154 ab
772 1113 1013 1154 imminenti

183 1167 409 1218 naufragio
441 1168 652 1209 orationis
681 1168 892 1220 praesidio
925 1181 1011 1210 ser-

183 1223 302 1264 vavit
320 1223 593 1265 incolumem.
621 1224 682 1265 Ut
700 1225 743 1265 in
763 1225 910 1276 regnis
928 1225 1012 1266 illis

183 1279 275 1320 voti
304 1292 488 1332 compos
516 1280 658 1330 fieret,
691 1281 927 1333 plurimum
954 1281 1012 1322 la-

183 1334 372 1385 boravit3
401 1336 481 1378 sed
509 1338 598 1388 ejus
628 1338 871 1379 sanctitatis
898 1338 1014 1378 fama

183 1391 464 1443 praelucente,
486 1393 845 1445 amplissimaque
864 1393 1012 1435 catho-

183 1447 366 1488 licorum
384 1461 536 1499 regum
550 1448 741 1502 Philippi
758 1449 950 1499 secundi,
969 1454 1013 1491 et

183 1503 374 1556 Philippi
392 1505 509 1546 tertii
527 1506 840 1556 munificentia,
859 1506 1011 1548 adver-

184 1560 398 1601 sariOrum
414 1561 643 1603 conatibus
658 1562 866 1613 singulari
881 1563 1013 1603 animi

183 1615 438 1657 fortitudine
459 1618 693 1669 superatis,
712 1618 841 1671 plura
860 1619 927 1660 sui
947 1621 1013 1660 or-

184 1670 299 1711 dinis
314 1671 534 1713 domicilia
550 1673 760 1715 fundavit:
781 1674 902 1726 quod
916 1675 1013 1727 pari

184 1729 342 1768 eventu
362 1741 441 1780 per
460 1729 630 1770 Italiam
649 1731 866 1782 praestitit.

240 1787 289 1836 Rg.
312 1785 490 1826 Amavit
509 1799 609 1827 eum
627 1787 858 1838 D6minus,
881 1793 924 1830 et
943 1801 1009 1829 or-

183 1839 302 1881 navit
341 1852 455 1881 eum:
494 1842 653 1883 stolam
685 1843 838 1893 gloriae
869 1844 1012 1886 induit

184 1908 294 1944 eum,
314 1903 334 1926 *
355 1897 411 1938 Et
430 1896 486 1939 ad
505 1904 655 1949 portas
675 1899 869 1951 paradisi
888 1913 1011 1942 coro-

183 1951 303 1993 navit
322 1965 437 2002 eum,
457 1953 639 2006 alleluja.
675 1952 722 2002 Y.
744 1955 894 1997 Induit
913 1969 1013 1998 eum

183 2007 399 2049 Deminus
423 2009 603 2051 loricam
627 2010 748 2061 fidei,
774 2016 818 2052 et
841 2012 1013 2055 ornavit

185 2076 293 2104 eum.
321 2064 379 2106 Et
397 2065 454 2106 ad
472 2070 636 2118 portas.

490 2127 639 2167 Lectio
663 2128 711 2166 vi.

274 2176 488 2219 umilitate
508 2177 621 2219 adeo
637 2178 851 2229 excelluit,
870 2185 919 2222 ut
934 2181 1014 2222 Ro·

287 2246 404 2274 mam
417 2234 596 2275 veniens
614 2234 658 2274 in
675 2238 920 2287 pauperum
937 2236 1012 2278 ho-

186 2289 317 2341 spitio
350 2291 554 2342 receptus
587 2302 634 2332 se
665 2290 845 2343 leproso
878 2294 1013 2334 socia-

186 2345 311 2394 verit3
344 2350 387 2386 et
422 2345 745 2388 ecclesiasticas
778 2346 1013 2399 dignitates

186 2412 211 2440 a
237 2400 374 2442 Paulo
410 2402 563 2453 quinto
598 2402 682 2444 sibi
710 2402 885 2445 oblatas
913 2418 1013 2446 con·

186 2456 450 2498 stantissime
477 2459 757 2500 recusaverit.
794 2459 1013 2502 Illibatam

186 2512 399 2562 perpetuo
419 2514 610 2555 servavit
628 2514 932 2565 virginitatem,
957 2517 1013 2557 ef-

188 2565 440 2618 frontesque
462 2569 667 2610 mulieres
693 2571 784 2622 ejus
811 2571 1013 2613 castimo-

187 2620 270 2661 niae
301 2621 554 2665 insidiantes
584 2625 759 2667 Christo
787 2626 1014 2668 lucrifecit.

186 2676 302 2728 Erga
355 2676 671 2722 divinissimum
723 2682 1014 2725 Eucharistiae

1066 270 1321 322 mysterium
1343 268 1514 312 ardenti
1531 272 1722 312 aestuans
1736 273 1898 321 amore,

1067 331 1221 368 noctes
1254 340 1369 380 pene
1402 328 1594 377 integras
1627 326 1671 367 in
1703 328 1795 379 ejus
1823 327 1897 370 ad-

1068 382 1266 424 orati6ne
1293 383 1516 424 insomnes
1543 382 1749 424 ducebat:
1778 383 1899 435 quod

1066 439 1187 491 pium
1207 439 1475 488 exercitium,
1497 438 1632 480 veluti
1650 440 1717 481 sui
1733 439 1899 481 ordinis

1066 495 1297 545 tesseram,
1329 495 1374 536 in
1401 507 1454 537 eo
1477 497 1697 548 perpetuo
1723 498 1898 537 servan-

1067 549 1172 592 dum
1197 551 1436 593 constituit.
1471 551 1679 604 Deiparae
1703 552 1899 603 Virginis

1067 606 1232 648 cultum
1267 607 1467 660 impense
1499 607 1621 649 fovit.
1663 608 1716 649 In
1752 609 1899 661 prexi-

1066 676 1186 703 mum
1206 664 1365 704 eximia
1384 663 1548 705 exarsit
1567 664 1763 706 caritate.
1794 665 1899 706 Pro-

1066 718 1230 771 phetiae
1259 718 1395 769 dono,
1428 724 1473 761 et
1505 719 1705 761 cordium
1738 726 1900 762 scruta-

1065 775 1186 817 tione
1205 775 1370 817 ditatus
1389 775 1479 817 fuit.
1507 775 1901 827 Quadragesimum

1068 836 1272 883 quartum
1293 832 1440 873 aetatis
1464 845 1557 873 suae
1575 845 1736 874 annum
1755 846 1900 885 agens,

1067 886 1172 928 dum
1207 888 1251 928 in
1289 901 1414 929 sacra
1444 887 1693 930 Lauretana
1727 889 1824 931 aede
1855 890 1900 930 in

1067 943 1265 984 oratione
1275 946 1545 996 persisteret,
1560 943 1644 987 sibi
1653 944 1757 986 vitae
1767 945 1901 987 finem

1066 999 1291 1041 imminere
1311 1000 1530 1051 cognovit.
1558 1001 1796 1053 Aprutium
1814 1007 1900 1043 sta-

1066 1055 1145 1096 tim
1169 1055 1364 1106 defiexit,
1391 1061 1436 1098 et
1460 1057 1504 1097 in
1529 1056 1697 1110 oppido
1724 1057 1901 1109 Agnoni

1067 1111 1186 1163 apud
1209 1111 1410 1154 alumnos
1436 1113 1576 1155 sancti
1601 1112 1797 1167 Philippi
1814 1113 1900 1156 Ne-

1066 1167 1117 1207 rii
1145 1167 1296 1208 lethali
1323 1168 1446 1210 febre
1475 1171 1722 1222 correptuS,
1758 1183 1900 1212 sacra-

1067 1224 1225 1265 mentis
1252 1224 1465 1266 Ecclesiae
1493 1225 1779 1268 devotissime
1807 1240 1899 1268 sus-

1067 1280 1225 1332 ceptis,
1267 1280 1411 1333 pridie
1446 1281 1601 1324 Nonas
1637 1282 1755 1323 Junii
1797 1283 1900 1324 anni

1065 1336 1283 1377 millesimi
1316 1338 1625 1380 sexcentesimi
1654 1339 1819 1390 octavi,
1855 1340 1900 1381 in

1066 1393 1296 1444 pervigilio
1339 1393 1440 1436 festi
1482 1394 1691 1447 Corporis
1727 1394 1899 1447 Christi,

1065 1448 1363 1501 placidissime
1388 1450 1660 1493 obdormivit
1681 1451 1726 1492 in
1749 1451 1898 1494 Domi·

1066 1517 1135 1546 no.
1167 1505 1350 1547 Sacrum
1369 1507 1462 1559 ejus
1481 1519 1646 1560 corpus
1664 1507 1901 1561 Neapolim

1067 1561 1276 1612 delatum,
1296 1562 1340 1603 in
1360 1563 1546 1605 ecclesia
1564 1569 1730 1606 sanctae
1749 1564 1901 1606 Mariae

1066 1617 1262 1669 Maj6ris,
1289 1617 1366 1660 ubi
1392 1619 1535 1672 prima
1558 1620 1628 1661 sui
1653 1619 1819 1662 Ordinis
1844 1621 1900 1674 je-

1067 1678 1188 1715 cerat
1206 1673 1506 1725 fundamenta,
1532 1675 1775 1718 honorifice
1800 1678 1900 1718 con-

1066 1728 1207 1771 ditum
1229 1730 1322 1771 fuit.
1359 1731 1474 1772 Eum
1495 1734 1655 1785 postea
1678 1732 1900 1774 miraculis

1066 1785 1232 1827 clarum
1270 1787 1472 1829 Clemens
1518 1787 1900 1841 decimusquartus

1065 1841 1272 1884 Pontifex
1289 1843 1506 1886 Maximus
1530 1844 1715 1886 solemni
1733 1844 1821 1887 ritu
1838 1845 1900 1886 in-

1066 1902 1133 1939 ter
1143 1897 1316 1950 beat0s3
1331 1900 1434 1941 Pius
1444 1913 1551 1943 vero
1562 1901 1776 1954 septimus
1786 1901 1898 1943 Pon-

1068 1953 1176 1996 tifex
1193 1955 1412 1997 Maximus
1435 1956 1561 1998 novis
1584 1956 1822 2008 fulgentem
1846 1957 1900 1998 si-

1065 2010 1176 2061 gnis,
1205 2023 1321 2053 anno
1339 2011 1572 2054 millesimo
1592 2013 1900 2064 octingentesi-

1065 2079 1139 2107 mo
1169 2067 1377 2119 septimo,
1409 2070 1663 2111 sanctorum
1695 2068 1798 2111 albo
1825 2068 1899 2111 ad·

1068 2123 1255 2175 scripsit.

1124 2183 1172 2233 R».
1197 2180 1288 2222 Iste
1306 2179 1453 2222 homo.
1471 2180 1556 2233 [89]

1123 2244 1162 2276 [n
1186 2243 1249 2276 111.
1272 2243 1471 2277 Nocturno
1498 2243 1669 2276 llomilia
1695 2243 1732 2276 in
1755 2242 1900 2285 Evang.

1070 2289 1153 2325 sint
1167 2288 1300 2324 lumbi.
1322 2291 1369 2324 dc
1392 2291 1529 2324 codem
1546 2290 1651 2325 Corn.
1672 2292 1698 2324 1.
1716 2291 1814 2325 loco.
1827 2290 1899 2335 [91]

1124 2338 1238 2381 X'csp.
1271 2349 1290 2371 a
1318 2338 1441 2381 Capit.
1473 2338 1519 2372 dc
1550 2350 1655 2381 sequ
1686 2348 1770 2372 eum
1800 2348 1900 2372 com-

1070 2395 1223 2419 memor.
1249 2386 1413 2428 praeced.

1338 2470 1422 2512 Die
1441 2472 1481 2512 5.
1499 2471 1626 2513 Junii.

1145 2533 1188 2574 S.
1206 2533 1454 2575 Bonifaoii
1475 2535 1619 2586 Episc.
1640 2540 1683 2575 ct
1704 2535 1825 2575 Mart.

1402 2595 1566 2638 Duplex.

1122 2645 1259 2678 Omnia
1306 2645 1351 2677 dc
1393 2644 1594 2677 ‹jtommuni
1640 2644 1753 2676 unius
1794 2644 1899 2678 Mart.

1071 2700 1181 2735 temp.
1208 2693 1343 2726 l’asch.
1369 2693 1441 2737 [38]
1468 2698 1609 2733 praetcr
1634 2702 1738 2733 sequ.
