2028 2892
741 172 939 207 Dominica
966 173 1222 208 1>enteeostes.

1766 169 1834 206 359

127 278 250 306 meus
270 264 421 316 diliget
439 278 548 315 eum,
568 271 611 307 et
626 265 682 307 ad
697 278 796 307 eum
810 267 951 307 venie·
1001 270 1069 307 tas
1088 265 1208 307 dicit:
1227 267 1273 308 Si
1294 267 1390 318 quis
1410 267 1550 318 diligit
1569 280 1649 316 me,
1672 271 1832 310 serme-

127 334 239 372 mus,
269 327 313 364 et
335 321 604 363 mansionem
628 322 746 375 apud
770 335 869 364 eum
893 323 951 363 fa·
1002 335 1103 363 nem
1119 335 1265 364 meum
1280 323 1482 365 servabit.
1500 324 1710 366 Probetio
1729 338 1832 376 ergo

128 377 303 419 ciemus.
329 377 387 419 Et
403 377 581 430 reliqua.

172 463 361 506 Homilia
384 464 523 506 sancti
545 465 748 516 Gregorii
765 461 910 518 P'apae.

270 537 438 572 Ilomilia
455 538 513 571 30.
535 538 572 572 in
592 538 814 581 Evangelia.

130 625 132 641 »
169 597 341 652 grul-,hbet
359 598 515 640 fratres
530 598 752 649 carissimi,
772 602 952 651 evange-

130 692 132 695 ,
172 647 236 684 '¹
257 653 354 696 licae
377 655 512 697 verba
535 655 734 697 lectionis
758 656 839 698 sub
859 657 952 699 bre—

130 714 132 727 *
259 711 394 753 vitate
420 715 732 763 transcurrere,
768 718 816 755 ut
851 720 954 766 post

129 766 291 808 diutius
330 767 459 810 liceat
500 768 543 809 in
583 769 953 822 contemplatione

127 827 261 865 tantae
286 823 573 866 solemnitatis
595 825 828 867 immorari.
864 827 952 868 Ηό-

129 878 199 920 die
232 892 420 933 namque
456 881 643 934 Spiritus
679 888 854 924 sanctus
889 897 952 925 re-

127 937 306 988 pentino
351 937 496 979 sonitu
541 950 672 991 super
713 938 953 992 discipulos

128 992 261 1042 venit,
286 995 543 1046 mentesque
567 994 804 1036 carnalium
826 996 869 1036 in
888 997 953 1037 sui

128 1050 322 1090 amerem
338 1051 613 1103 permutavit,
636 1055 679 1092 et
696 1051 802 1093 foris
821 1065 952 1106 appa-

128 1104 321 1147 rentibus
339 1106 497 1158 linguis
519 1107 674 1159 igneis,
701 1108 816 1150 intus
839 1110 955 1151 facta

130 1165 230 1202 sunt
253 1162 388 1204 corda
411 1162 691 1205 flammantia:
725 1165 826 1217 quia
850 1165 954 1207 dum

129 1217 271 1259 Deum
288 1219 331 1259 in
349 1219 461 1270 igm's
475 1220 642 1262 visiene
658 1224 953 1274 susceperunt,

127 1286 207 1326 per
225 1277 419 1317 amerem
437 1277 627 1319 suaviter
646 1280 854 1321 arserunt.
883 1280 952 1332 Ip-

128 1343 175 1372 se
202 1344 389 1384 namque
413 1333 600 1386 Spiritus
627 1340 805 1377 sanctus
832 1349 955 1378 amor

129 1392 210 1428 est:
241 1387 357 1430 unde
385 1394 429 1431 et
455 1390 480 1430 J
483 1392 646 1432 oannes
674 1390 793 1433 dicit:
833 1392 954 1434 Deus

129 1443 286 1485 ceritas
311 1450 388 1487 est.
430 1446 514 1497 Qui
541 1459 646 1499 ergo
677 1454 822 1490 mente
848 1451 954 1491 inte-

128 1512 207 1551 gra
222 1500 367 1542 Deum
385 1501 624 1554 desiderat,
651 1504 852 1557 profecto
870 1507 955 1558 jam

128 1555 277 1607 habet,
313 1570 444 1610 quem
479 1565 605 1602 amat.
649 1560 805 1613 Neque
842 1562 956 1603 enim

130 1612 360 1666 quisquam
377 1620 531 1667 posset
546 1616 690 1657 Deum
708 1616 899 1669 diligere,
919 1619 955 1659 si

129 1681 228 1710 eum
248 1682 379 1722 quem
397 1670 547 1723 diligit,
565 1685 653 1714 non
671 1673 862 1716 haberet.

183 1738 234 1789 Rt.
257 1739 367 1781 Cum
389 1741 712 1794 complerentur
736 1742 829 1784 dies
847 1743 953 1785 Pen-

127 1797 338 1846 tecostes,
377 1803 500 1839 erant
533 1811 684 1840 omnes
717 1799 882 1852 pariter
912 1800 956 1841 in

129 1850 287 1892 eodem
303 1851 420 1902 loco,
448 1853 633 1907 alleli'1ja:
661 1859 705 1896 et
727 1855 872 1898 subito
896 1857 954 1898 fa-

129 1911 224 1948 ctus
255 1913 322 1950 est
354 1921 487 1951 sonus
519 1909 574 1952 de
607 1911 742 1962 coelo,
774 1911 955 1965 alleluja,

132 1965 154 1988 *
180 1963 424 2016 Tamquam
459 1967 639 2019 spiritus
675 1967 955 2019 vehementis,

130 2023 174 2060 et
192 2020 377 2072 replevit
398 2026 537 2063 totam
557 2021 750 2074 domum,
775 2023 955 2076 alleluja,

130 2074 311 2128 alleluja.
364 2073 414 2126 V.
443 2078 561 2130 Dum
597 2092 703 2130 ergo
736 2086 882 2122 essent
913 2081 957 2122 in

131 2144 262 2172 unum
282 2132 483 2186 discipuli
502 2136 754 2187 congregati
772 2142 956 2190 propter

128 2194 293 2229 metum
316 2189 586 2242 Judaeorum,
615 2205 748 2233 sonus
775 2195 956 2246 repente

131 2243 185 2285 de
201 2245 314 2286 coelo
326 2246 443 2288 venit
453 2259 585 2300 super
595 2260 683 2289 eos.
702 2249 956 2300 Tamquam.

184 2312 344 2354 Bened.
374 2315 579 2357 Divinum
597 2317 813 2359 auxilium.

440 2397 593 2438 Lectio
613 2397 651 2438 ii.

133 2458 259 2565 Sed
268 2478 380 2518 ecce,
396 2468 433 2509 si
447 2471 746 2522 unusquisque
761 2475 954 2512 vestrum

216 2523 476 2575 requiratur,
522 2539 577 2566 an
613 2525 764 2577 diligat
797 2527 956 2567 Deum:

131 2581 225 2618 tota
251 2578 430 2631 fiducia,
469 2586 513 2623 et
540 2585 694 2623 secura
720 2588 864 2624 mente
892 2595 955 2624 re-

132 2633 334 2685 spondet,
357 2636 518 2688 Diligo.
546 2638 597 2678 In
616 2639 714 2691 ipso
734 2644 879 2680 autem
898 2638 954 2679 le-

133 2688 287 2731 ctiem's
306 2693 487 2735 exordio
507 2694 688 2736 audistis
709 2694 814 2747 quid
831 2695 955 2736 Veri-

1005 377 1266 430 dilectionis,
1312 380 1522 422 exhibitio
1568 387 1635 423 est
1676 383 1833 434 operis.

1004 436 1118 477 Hinc
1136 436 1179 476 in
1200 436 1387 489 epistola
1407 450 1486 478 sua
1504 437 1622 479 idem
1641 439 1665 478 J
1668 441 1832 480 oannes

1005 491 1124 534 dicit:
1157 493 1240 543 Qui
1269 493 1390 544 dicit,
1422 493 1570 546 Diligo
1598 495 1756 546 Deum,
1790 501 1834 537 et

1004 548 1210 591 mandata
1238 550 1328 602 ejus
1356 563 1444 591 non
1473 551 1680 601 custodit,
1716 565 1832 594 men-

1006 603 1092 646 dax
1111 610 1188 647 est.
1216 606 1334 648 Vere
1355 607 1515 648 etenim
1533 608 1677 649 Deum
1696 608 1832 659 diligi-

1005 675 1101 702 mus
1130 668 1173 704 et
1199 662 1406 705 mandata
1434 665 1524 716 ejus
1553 664 1835 717 custodimus,

1006 718 1042 758 si
1060 732 1140 760 nos
1165 733 1190 760 a
1209 720 1372 761 nostris
1392 721 1693 774 voluptatibus
1713 735 1832 764 coar-

1007 777 1185 817 ctemus.
1204 777 1318 818 Nam
1338 778 1413 829 qui
1431 778 1575 820 adhuc
1592 791 1672 831 per
1686 779 1835 821 illicita

1006 830 1225 874 desideria
1253 833 1430 884 diffluit,
1463 835 1663 887 profecto
1692 836 1835 876 Deum

1006 900 1092 929 non
1112 894 1241 931 amat:
1265 890 1367 941 quia
1391 891 1430 932 ei
1449 891 1492 932 in
1512 905 1590 933 sua
1608 891 1834 933 voluntate

1007 945 1276 988 contradicit.

1060 1013 1110 1064 Rz.
1148 1014 1326 1067 Repleti
1358 1020 1457 1057 sunt
1489 1029 1640 1058 omnes
1671 1017 1835 1070 Spiritu

1007 1075 1174 1112 sancto:
1209 1076 1252 1113 et
1280 1074 1510 1124 coeperunt
1535 1072 1674 1124 loqui,
1702 1080 1835 1126 prout

1007 1126 1194 1178 Spiritus
1219 1133 1396 1169 sanctus
1416 1128 1550 1171 dabat
1570 1130 1717 1181 eloqui
1735 1130 1835 1171 illis:

1008 1184 1029 1207 *
1045 1183 1102 1224 Et
1118 1185 1322 1226 convenit
1336 1185 1571 1227 multitudo
1588 1185 1834 1237 dicentium,

1007 1239 1188 1292 alleluja.
1211 1235 1261 1286 Y.
1279 1241 1594 1293 Loquebantur
1611 1243 1741 1284 variis
1759 1243 1835 1284 lin-

1007 1296 1103 1346 guis
1136 1297 1344 1350 Apestoli
1374 1299 1591 1350 magnalia
1621 1300 1715 1341 Dei.
1770 1300 1836 1342 Et.

1010 1353 1161 1395 Gleria
1179 1354 1309 1396 Patri.
1338 1355 1405 1396 Et.

1060 1423 1223 1465 Bened.
1255 1424 1325 1466 Ad
1344 1425 1611 1469 societatem.

1313 1503 1463 1544 Lectio
1485 1504 1538 1543 iii.

1092 1577 1110 1613 t
1122 1572 1252 1614 Pater
1271 1586 1393 1614 meus
1414 1573 1565 1625 diliget
1584 1588 1698 1626 eum,
1719 1581 1761 1618 et
1781 1575 1837 1618 ad

1100 1641 1198 1669 eum
1226 1630 1464 1681 veniemus,
1498 1637 1541 1673 et
1567 1632 1837 1674 mansionem

1008 1684 1127 1738 apud
1150 1698 1249 1726 eum
1268 1686 1488 1728 faciemus.
1524 1688 1727 1739 Pensate,
1755 1689 1835 1731 fra-

1007 1746 1097 1783 tres
1126 1742 1352 1793 carissimi,
1387 1749 1548 1795 quanta
1581 1744 1636 1786 sit
1663 1745 1747 1786 ista
1775 1744 1835 1787 di-

1007 1799 1165 1849 gnitas,
1202 1798 1364 1841 habere
1395 1800 1438 1840 in
1466 1800 1613 1842 cordis
1642 1801 1835 1855 hospitio

1009 1854 1245 1897 adventum
1274 1856 1368 1898 Dei.
1419 1856 1549 1899 Certe
1585 1858 1621 1899 si
1658 1857 1838 1899 domum

1008 1916 1203 1953 nostram
1224 1913 1455 1964 quisquam
1475 1912 1614 1964 dives,
1634 1920 1708 1956 aut
1727 1917 1836 1967 prae-

1008 1973 1167 2020 potens
1186 1971 1351 2010 amicus
1370 1970 1566 2020 intraret,
1586 1971 1703 2011 omni
1722 1971 1836 2012 festi-

1009 2024 1156 2066 nantia
1175 2024 1332 2066 domus
1351 2031 1445 2068 tota
1463 2025 1759 2076 mundaretur,
1783 2040 1837 2068 ne

1010 2080 1115 2132 quid
1150 2081 1339 2124 fortasse
1376 2088 1494 2124 esset
1531 2082 1651 2136 quod
1685 2083 1836 2124 oculos

1009 2137 1136 2178 amici
1158 2138 1360 2180 intrantis
1385 2138 1637 2180 offenderet.
1674 2139 1837 2189 Tergat

1010 2205 1114 2244 ergo
1135 2193 1290 2235 sordes
1309 2195 1433 2248 pravi
1453 2195 1615 2247 eperis,
1645 2194 1718 2246 qui
1737 2195 1835 2236 Deo

1008 2251 1230 2302 praeparat
1254 2249 1434 2292 domum
1457 2250 1624 2292 mentis.
1666 2249 1753 2292 Sed
1777 2251 1835 2292 vi-

1009 2303 1109 2346 dete
1126 2305 1231 2358 quid
1246 2307 1422 2348 Veritas
1439 2305 1570 2347 dicat:
1588 2306 1836 2357 Veniemus,

1009 2366 1052 2402 et
1071 2362 1339 2404 mansienem
1363 2361 1481 2414 apud
1500 2374 1599 2402 eum
1618 2362 1836 2404 faciemus.

1008 2417 1059 2457 In
1080 2418 1368 2469 quorumdam
1386 2417 1544 2459 etenim
1560 2417 1695 2460 corda
1708 2420 1836 2470 venit,

1009 2478 1053 2514 et
1076 2475 1345 2515 mansionem
1370 2486 1456 2514 non
1482 2473 1598 2515 facit:
1632 2475 1733 2526 quia
1756 2489 1836 2528 per

1010 2530 1390 2582 compunctiOnem
1432 2527 1608 2580 quidem
1649 2531 1732 2572 Dei
1772 2545 1835 2572 re-

1006 2587 1208 2638 spectum
1235 2584 1500 2638 percipiunt,
1529 2584 1607 2627 sed
1635 2588 1834 2629 tentatio-

1008 2641 1074 2681 nis
1101 2644 1301 2694 tempore
1328 2641 1414 2681 hoc
1438 2640 1582 2692 ipsum
1607 2654 1694 2694 quo
1720 2656 1834 2684 com-

1008 2698 1160 2749 puncti
1186 2697 1371 2746 fuerant,
1400 2695 1729 2740 obliviscuntur:
1757 2699 1835 2740 sic-
