2028 2892
450 164 520 198 Die
537 165 589 198 26.
606 165 765 207 Aprilis,
791 166 846 200 Ss.
867 166 963 200 Cleti
983 172 1018 201 ct
1036 157 1249 201 Marcellini
1267 168 1375 202 l'ont.
1393 174 1428 202 ct
1448 169 1553 202 Mart.

150 255 316 291 Psalmis
347 257 483 291 Poenit.
516 257 631 291 etiam
664 258 696 291 si
730 257 804 293 hoc
836 259 975 293 festum

149 306 402 340 transferatur
425 305 463 339 in
488 305 603 339 aliam
628 305 738 340 diem.

202 354 241 387 Si
258 354 421 388 Litania:
444 354 609 394 maiores
631 359 832 388 occurrant
857 355 893 388 in
913 355 975 389 die

150 402 367 444 l'aschatis,
391 402 670 436 transferantur
692 402 729 435 in
746 402 897 437 Feriam
924 404 973 437 iii.

150 460 255 493 sequ.

201 498 245 532 In
268 497 313 531 Π.
336 497 453 540 Vesp.
479 508 674 532 commem.
700 507 805 540 sequ.

380 580 464 622 Die
481 581 548 622 26.
566 581 742 634 Aprilis.

178 648 246 690 Ss.
272 647 397 689 Cleti
420 655 463 691 et
487 649 769 691 Marcellini
792 652 948 693 Pontis.

401 712 444 748 et
471 707 721 759 Martyrum.

431 772 690 816 Semidupch.

199 830 335 865 Omnia
354 831 399 866 de
417 833 561 868 Comm.
578 834 686 869 Mart.
706 839 818 877 temp.
836 834 972 868 l'asch.

147 875 219 920 [38]
240 883 381 921 praeter
404 891 509 924 sequ.

198 929 297 970 Ant.
329 930 423 970 Lux
450 930 666 982 perpetua
692 929 855 971 lucebit
880 943 973 971 san-

145 984 226 1026 ctis
244 984 331 1026 tuis
347 985 547 1035 Domine,
567 990 611 1027 et
630 986 851 1028 aeternitas
868 989 973 1028 tem-

143 1053 314 1094 porum,
334 1041 515 1094 alleluJa.

199 1097 250 1148 V.
291 1098 438 1140 Sancti
478 1104 522 1140 et
563 1099 662 1151 justi
701 1099 745 1140 in
779 1099 972 1142 Domino

143 1154 351 1205 gaudete,
387 1154 569 1207 alleluja.
621 1159 670 1210 R„
709 1156 804 1198 Vos
841 1156 973 1208 elegit

142 1210 264 1252 Deus
282 1211 326 1252 in
344 1211 648 1253 haereditatem
669 1211 766 1262 sibi,
790 1212 972 1265 alleluja.

480 1278 643 1320 Oratio.

225 1335 424 1375 eatorum
440 1333 696 1387 Martyrum,
722 1336 971 1389 pariterque

233 1390 497 1432 Pontificum
523 1391 634 1434 Cleti
665 1397 707 1433 et
732 1392 971 1434 Marcellini

142 1458 223 1487 nos
251 1446 439 1488 Domine
468 1447 616 1490 foveat
643 1449 838 1501 pretiosa
870 1462 969 1490 con-

141 1502 291 1544 fessio:
334 1508 378 1545 et
414 1504 487 1556 pia
525 1505 681 1555 jugiter
713 1505 970 1547 intercessio

140 1561 325 1601 tueatur.
365 1560 450 1601 Per
471 1560 719 1603 Dominum.

193 1626 237 1660 In
265 1626 292 1661 Ι.
322 1626 522 1662 Nocturno
556 1626 760 1662 Lectiones
795 1628 842 1662 de
872 1627 970 1663 Scri-

142 1678 256 1719 ptura
280 1679 511 1710 occurrente.

193 1727 235 1762 Si
262 1727 339 1762 hoe
370 1728 510 1763 festum
542 1727 757 1762 celebretur
788 1728 900 1764 Feria
932 1730 969 1764 ii.

143 1775 279 1819 Rogat.
312 1775 414 1810 Lect.
445 1776 616 1810 Fratres:
648 1774 864 1810 Debitores.
899 1775 969 1820 [54]

143 1826 180 1858 et
201 1823 333 1858 Lectio
351 1823 401 1858 ix.
425 1823 566 1867 legitur
585 1823 632 1858 de
646 1823 819 1858 Homilia
835 1823 969 1859 Feriae.

195 1874 380 1910 Similiter
403 1876 437 1910 si
462 1875 623 1919 aliquod
651 1886 700 1910 ex
724 1886 829 1919 sequ.
860 1876 969 1910 festis

142 1928 319 1959 occurrat
349 1924 451 1958 dicta
478 1922 592 1958 Feria
616 1923 669 1966 ii.,
702 1929 766 1959 aut
791 1924 830 1958 in
853 1924 969 1967 Vigil.

141 1972 313 2014 Ascens.,
338 1971 378 2006 in
401 1971 428 2006 I.
445 1972 645 2007 Nocturno
670 1972 849 2015 leguntur
868 1973 969 2007 Lect.

144 2020 191 2054 de
222 2019 367 2055 Comm.
403 2020 508 2055 illius
544 2020 675 2055 Sancti
710 2025 819 2055 extra
855 2026 969 2064 temp.

142 2067 294 2107 Pasch.;
323 2068 399 2102 nisi
423 2069 594 2112 propriae
619 2069 877 2112 assignentur,
907 2070 969 2104 vel

141 2115 365 2160 ponendum
389 2116 439 2150 sit
461 2116 612 2151 initium
637 2117 799 2160 alicujus
816 2117 968 2160 Episto-

140 2164 190 2199 1ae
214 2163 470 2208 praecedentis
493 2164 718 2199 Dominicae.

374 2230 423 2269 In
442 2230 493 2269 11.
513 2230 735 2270 Nocturno.

443 2290 594 2332 Lectio
614 2290 665 2331 iv.

399 2349 641 2400 Romanus,
677 2355 803 2402 patre
835 2350 969 2392 AEmi-

176 2418 186 2444 κ
274 2404 407 2456 liano,
446 2404 502 2447 de
533 2406 712 2457 regione
741 2407 907 2459 quinta,
946 2419 970 2448 e

195 2457 222 2472 Ὗ
235 2469 241 2481 ⁵
274 2461 373 2503 vieo
398 2462 604 2512 Patricio,
631 2462 970 2515 imperatoribus

142 2515 419 2570 Vespasiano
439 2523 483 2560 et
498 2518 613 2569 Tito,
632 2519 879 2561 Ecclesiam
897 2532 970 2570 gu-

141 2570 351 2615 bernavit.
395 2575 439 2616 Is
472 2588 527 2617 ex
553 2577 781 2628 praecepto
809 2575 969 2616 Princi-

142 2628 212 2681 pis
244 2630 564 2682 Apostolorum
594 2631 638 2671 in
665 2631 784 2673 Urbe
818 2631 970 2682 viginti

143 2685 334 2739 quinque
343 2686 629 2741 presbyteros
640 2687 869 2730 ordinavit.
879 2687 969 2728 Pri-

1791 163 1858 198 459

1027 271 1124 299 mus
1142 257 1187 298 in
1204 257 1363 300 litteris
1382 258 1528 301 verbis
1548 259 1632 300 illis
1652 273 1756 301 usus
1777 264 1857 301 est:

1027 313 1222 356 Salutem
1265 319 1309 356 et
1350 315 1639 367 apostolicam
1679 316 1855 358 benedi·
1904 344 1907 347 Δ

1028 371 1227 413 ctionem.
1256 371 1340 421 Qui
1354 371 1551 414 Ecclesia
1571 374 1735 425 optime
1755 386 1855 415 con-

1027 427 1196 477 stituta,
1233 440 1332 469 cum
1364 427 1404 469 ei
1435 429 1686 481 praefuisset
1718 442 1856 471 annos

1027 483 1279 534 duodecim,
1319 496 1491 526 menses
1527 490 1712 538 septem,
1761 485 1856 528 dies

1028 539 1156 589 duos,
1188 540 1442 582 Domitiano
1476 541 1758 594 imperatore,
1791 555 1854 584 se-

1028 596 1170 638 cunda
1185 602 1288 649 post
1302 597 1524 638 Neronem
1539 599 1855 650 persecutione,

1026 654 1233 706 martyrio
1253 655 1490 695 coronatus
1510 659 1586 703 est,
1608 659 1651 696 et
1669 655 1713 695 in
1732 655 1854 697 Vati-

1027 711 1138 751 cano
1167 711 1287 762 juxta
1315 722 1476 763 corpus
1503 710 1623 753 beati
1648 711 1764 753 Petri
1789 724 1853 754 se-

1025 766 1186 818 pultus.

1081 828 1131 879 l}-
1154 823 1252 865 Lux
1275 826 1491 877 perpetua
1509 823 1673 866 lucebit
1693 825 1855 866 sanctis

1025 880 1111 920 tuis
1133 880 1340 931 Domine,
1371 888 1391 907 ¹*
1414 881 1471 922 Et
1499 881 1721 923 aeternitas
1750 883 1855 922 tem-

1025 949 1199 989 porum,
1224 937 1411 990 alleluja,
1438 937 1619 988 alleluja.
1660 936 1709 987 V.
1725 937 1854 979 Laeti-

1024 993 1086 1034 tia
1117 994 1387 1046 sempiterna
1421 994 1502 1036 erit
1538 1006 1672 1046 super
1710 994 1856 1047 capita

1026 1051 1192 1091 eorum:
1217 1049 1426 1101 gaudium
1450 1055 1494 1092 et
1519 1049 1855 1092 exsultationem

1025 1106 1296 1148 obtinebunt.
1324 1106 1381 1148 Et
1400 1107 1631 1149 aeternitas.

1336 1164 1488 1205 Lectio
1509 1178 1545 1203 v.

1026 1215 1359 1321 Marcellinus
1399 1220 1643 1270 Romanus,
1690 1220 1745 1263 ab
1784 1234 1854 1262 an—

1144 1288 1201 1317 no
1236 1275 1537 1318 ducentesimo
1570 1278 1854 1328 nonagesimo

1024 1337 1151 1374 sexto
1195 1331 1252 1374 ad
1296 1345 1457 1374 annum
1498 1334 1855 1375 trecentesimum

1025 1393 1228 1440 quartum
1270 1389 1313 1429 in
1356 1389 1534 1430 immani
1575 1390 1853 1442 imperatoris

1022 1445 1289 1487 Diocletiani
1314 1446 1622 1498 persecutione
1642 1446 1853 1488 Ecclesiae

1022 1502 1210 1554 praefuit.
1243 1502 1404 1544 Multas
1427 1503 1607 1555 pertulit
1630 1504 1853 1554 angustias

1023 1558 1081 1600 ob
1107 1559 1356 1612 improbam
1385 1561 1537 1600 eorum
1562 1560 1852 1611 severitatem,

1024 1616 1098 1667 qui
1136 1626 1236 1657 eum
1272 1615 1596 1667 redarguebant
1633 1616 1688 1658 de
1720 1617 1853 1658 nimia

1022 1671 1291 1724 indulgentia
1315 1685 1419 1724 erga
1436 1672 1590 1725 lapsos
1608 1673 1652 1714 in
1671 1672 1851 1714 idolola-

1021 1730 1166 1779 triam,
1196 1742 1383 1781 quaeque
1413 1741 1544 1770 causa
1572 1729 1668 1778 fuit,
1699 1734 1747 1771 ut
1774 1742 1854 1782 per

1022 1785 1284 1827 calumniam
1302 1786 1536 1827 infamatus
1556 1785 1703 1836 fuerit,
1729 1787 1854 1838 quasi

1020 1841 1122 1883 thus
1141 1841 1273 1884 idolis
1292 1841 1575 1884 adhibuisset.
1596 1842 1764 1883 Verum
1783 1842 1853 1883 hie

1021 1898 1178 1940 beatus
1202 1898 1404 1940 Pontifex
1431 1899 1475 1939 in
1503 1899 1776 1940 confessione
1805 1899 1850 1939 fi-

1022 1955 1110 2005 dei,
1135 1968 1222 1996 una
1248 1968 1348 1997 cum
1366 1955 1507 1997 tribus
1528 1955 1625 1997 aliis
1645 1955 1849 1998 Christia-

1021 2011 1105 2061 nis,
1133 2011 1336 2062 Claudio,
1366 2011 1527 2064 Cyrino
1554 2016 1598 2053 et
1617 2013 1851 2060 Antonino,

1021 2068 1166 2120 capite
1191 2068 1348 2120 plexus
1374 2073 1452 2110 est.
1493 2068 1688 2118 Quorum
1713 2068 1850 2120 proje-

1022 2128 1092 2165 cta
1107 2126 1306 2177 corpora,
1323 2137 1458 2177 quum
1471 2125 1648 2175 triginta
1663 2136 1740 2165 sex
1757 2123 1850 2164 dies

1021 2181 1140 2232 jussu
1166 2181 1444 2234 imperatoris
1476 2180 1702 2232 sepultura
1730 2192 1849 2221 caru-

1020 2239 1174 2287 issent,
1202 2236 1361 2279 beatus
1386 2235 1619 2278 Marcellus
1644 2248 1670 2277 a
1695 2240 1850 2277 sancto

1020 2293 1152 2334 Petro
1180 2293 1224 2334 in
1252 2294 1417 2336 somnis
1449 2291 1714 2342 admonitus,
1751 2305 1851 2334 cum

1021 2348 1291 2402 presbyteris
1312 2354 1356 2392 et
1376 2348 1588 2398 diaconis,
1612 2348 1784 2401 hymnis
1807 2353 1851 2391 et

1021 2405 1256 2448 luminibus
1276 2405 1499 2454 adhibitis,
1524 2403 1766 2447 honorifice
1786 2418 1849 2447 se-

1021 2461 1225 2514 pelienda
1244 2461 1412 2503 curavit
1431 2461 1475 2501 in
1490 2461 1743 2503 coemeterio
1758 2461 1849 2502 Pri-

1022 2518 1158 2560 scillae
1177 2519 1247 2560 via
1261 2518 1438 2560 Salaria.
1459 2517 1592 2559 Rexit
1606 2517 1850 2560 Ecclesiam

1021 2587 1158 2616 annos
1195 2579 1381 2628 septem,
1424 2586 1598 2615 menses
1636 2574 1849 2625 undecim,

1022 2630 1116 2672 dies
1141 2631 1292 2682 viginti
1316 2635 1421 2671 tres:
1454 2642 1542 2682 quo
1566 2632 1766 2683 tempore
1790 2631 1848 2673 fe—

1022 2687 1083 2729 cit
1115 2686 1414 2729 ordinationes
1447 2685 1556 2729 duas
1587 2700 1738 2730 mense
1764 2688 1849 2730 De-
